<?xml version="1.0" encoding="UTF-8"?>
<!DOCTYPE html PUBLIC "-//W3C//DTD XHTML 1.0 Transitional//EN"
    "http://www.w3.org/TR/xhtml1/DTD/xhtml1-transitional.dtd">
<html xmlns="http://www.w3.org/1999/xhtml" xml:lang="en" lang="en">
 <head>
  <title>
</title>
<meta http-equiv="Content-Type" content="text/html;charset=utf-8" />
  <meta name='ocr-system' content='tesseract 3.04.00' />
  <meta name='ocr-capabilities' content='ocr_page ocr_carea ocr_par ocr_line ocrx_word'/>
</head>
<body>
  <div class='ocr_page' id='page_1' title='image "./fontesrerumaust20kommgoog_0365.png"; bbox 0 0 3100 5067; ppageno 0'>
   <div class='ocr_carea' id='block_1_1' title="bbox 1170 371 1232 437">
    <p class='ocr_par' dir='ltr' id='par_1_1' title="bbox 1170 371 1232 437">
     <span class='ocr_line' id='line_1_1' title="bbox 1170 371 1232 437; baseline 0.016 -1"><span class='ocrx_word' id='word_1_1' title='bbox 1170 371 1232 437; x_wconf 75' lang='lat'><strong>237</strong></span> 
     </span>
    </p>
   </div>
   <div class='ocr_carea' id='block_1_2' title="bbox 48 556 1235 742">
    <p class='ocr_par' dir='ltr' id='par_1_2' title="bbox 48 556 1235 742">
     <span class='ocr_line' id='line_1_2' title="bbox 48 556 1235 643; baseline 0.006 -22"><span class='ocrx_word' id='word_1_2' title='bbox 48 556 153 622; x_wconf 74' lang='lat' dir='ltr'><strong>Frena</strong></span> <span class='ocrx_word' id='word_1_3' title='bbox 172 556 350 622; x_wconf 70' lang='lat' dir='ltr'><strong>Fratrem</strong></span> <span class='ocrx_word' id='word_1_4' title='bbox 372 579 433 624; x_wconf 83' lang='lat' dir='ltr'><strong>oea</strong></span> <span class='ocrx_word' id='word_1_5' title='bbox 455 558 598 643; x_wconf 76' lang='lat' dir='ltr'><strong>Raqm&#39;tr</strong></span> <span class='ocrx_word' id='word_1_6' title='bbox 619 560 688 625; x_wconf 81' lang='lat' dir='ltr'><strong>aad</strong></span> <span class='ocrx_word' id='word_1_7' title='bbox 709 561 821 627; x_wconf 78' lang='lat' dir='ltr'><strong>Horra</strong></span> <span class='ocrx_word' id='word_1_8' title='bbox 834 562 1046 628; x_wconf 77' lang='lat' dir='ltr'><strong>Bernhardirt</strong></span> <span class='ocrx_word' id='word_1_9' title='bbox 1061 562 1235 628; x_wconf 79' lang='lat' dir='ltr'><strong>Freiherra</strong></span> 
     </span>
     <span class='ocr_line' id='line_1_3' title="bbox 278 663 991 742; baseline 0.007 -15"><span class='ocrx_word' id='word_1_10' title='bbox 278 683 339 728; x_wconf 81' lang='lat' dir='ltr'><strong>van</strong></span> <span class='ocrx_word' id='word_1_11' title='bbox 361 663 577 731; x_wconf 77' lang='lat' dir='ltr'><strong>Herberateia.</strong></span> <span class='ocrx_word' id='word_1_12' title='bbox 617 665 716 742; x_wconf 74' lang='lat' dir='ltr'><strong>Grae,</strong></span> <span class='ocrx_word' id='word_1_13' title='bbox 740 671 827 734; x_wconf 82' lang='lat'><strong><em>1602</em></strong></span> <span class='ocrx_word' id='word_1_14' title='bbox 849 668 925 733; x_wconf 84' lang='lat' dir='ltr'><strong>Mai</strong></span> <span class='ocrx_word' id='word_1_15' title='bbox 939 673 991 733; x_wconf 78' lang='lat'><strong>14.</strong></span> 
     </span>
    </p>
   </div>
   <div class='ocr_carea' id='block_1_3' title="bbox 509 803 760 876">
    <p class='ocr_par' dir='ltr' id='par_1_3' title="bbox 509 803 760 876">
     <span class='ocr_line' id='line_1_4' title="bbox 509 803 760 876; baseline 0.008 -20"><span class='ocrx_word' id='word_1_16' title='bbox 509 807 615 872; x_wconf 75' lang='lat' dir='ltr'><strong>(Korn,</strong></span> <span class='ocrx_word' id='word_1_17' title='bbox 635 803 760 876; x_wconf 81' lang='lat' dir='ltr'><strong>abenda.)</strong></span> 
     </span>
    </p>
   </div>
   <div class='ocr_carea' id='block_1_4' title="bbox 590 1015 682 1080">
    <p class='ocr_par' dir='ltr' id='par_1_4' title="bbox 590 1015 682 1080">
     <span class='ocr_line' id='line_1_5' title="bbox 590 1015 682 1080; baseline 0.022 -2"><span class='ocrx_word' id='word_1_18' title='bbox 590 1015 682 1080; x_wconf 83' lang='lat'>1413.</span> 
     </span>
    </p>
   </div>
   <div class='ocr_carea' id='block_1_5' title="bbox 45 1171 1234 1470">
    <p class='ocr_par' dir='ltr' id='par_1_5' title="bbox 45 1171 1234 1470">
     <span class='ocr_line' id='line_1_6' title="bbox 46 1171 1234 1262; baseline 0.007 -25"><span class='ocrx_word' id='word_1_19' title='bbox 46 1173 214 1256; x_wconf 59' lang='lat' dir='ltr'><strong>&amp;charoy</strong></span> <span class='ocrx_word' id='word_1_20' title='bbox 245 1173 406 1239; x_wconf 78' lang='lat' dir='ltr'><strong><em>Matthias</em></strong></span> <span class='ocrx_word' id='word_1_21' title='bbox 436 1194 481 1238; x_wconf 81' lang='lat' dir='ltr'><strong>aa</strong></span> <span class='ocrx_word' id='word_1_22' title='bbox 510 1171 613 1257; x_wconf 72' lang='lat' dir='ltr'><strong>Gerra</strong></span> <span class='ocrx_word' id='word_1_23' title='bbox 634 1175 738 1240; x_wconf 74' lang='lat' dir='ltr'><strong>Tarae</strong></span> <span class='ocrx_word' id='word_1_24' title='bbox 760 1195 821 1239; x_wconf 82' lang='lat' dir='ltr'><strong>aaa</strong></span> <span class='ocrx_word' id='word_1_25' title='bbox 844 1176 1065 1260; x_wconf 78' lang='lat' dir='ltr'><strong>Betleafaloa:</strong></span> <span class='ocrx_word' id='word_1_26' title='bbox 1090 1180 1157 1262; x_wconf 81' lang='lat' dir='ltr'><strong>anf</strong></span> <span class='ocrx_word' id='word_1_27' title='bbox 1173 1180 1234 1244; x_wconf 81' lang='lat' dir='ltr'><strong>dea</strong></span> 
     </span>
     <span class='ocr_line' id='line_1_7' title="bbox 45 1278 1234 1365; baseline 0.007 -24"><span class='ocrx_word' id='word_1_28' title='bbox 45 1279 305 1360; x_wconf 61' lang='lat' dir='ltr'><strong>erebssmislichen</strong></span> <span class='ocrx_word' id='word_1_29' title='bbox 328 1278 453 1345; x_wconf 66' lang='lat' dir='ltr'><strong>Giterrt</strong></span> <span class='ocrx_word' id='word_1_30' title='bbox 478 1279 547 1343; x_wconf 77' lang='lat' dir='ltr'><strong>aad</strong></span> <span class='ocrx_word' id='word_1_31' title='bbox 568 1280 604 1344; x_wconf 81' lang='lat' dir='ltr'><strong>ia</strong></span> <span class='ocrx_word' id='word_1_32' title='bbox 627 1281 683 1346; x_wconf 81' lang='lat' dir='ltr'><strong>der</strong></span> <span class='ocrx_word' id='word_1_33' title='bbox 704 1280 962 1365; x_wconf 70' lang='lat' dir='ltr'><strong>Nachbarsahaft</strong></span> <span class='ocrx_word' id='word_1_34' title='bbox 982 1282 1072 1348; x_wconf 73' lang='lat' dir='ltr'><strong>inciae</strong></span> <span class='ocrx_word' id='word_1_35' title='bbox 1093 1285 1234 1349; x_wconf 77' lang='lat' dir='ltr'><strong><em>anderen</em></strong></span> 
     </span>
     <span class='ocr_line' id='line_1_8' title="bbox 46 1382 1231 1470; baseline 0.006 -22"><span class='ocrx_word' id='word_1_36' title='bbox 46 1383 87 1448; x_wconf 76' lang='lat' dir='ltr'><strong>ola</strong></span> <span class='ocrx_word' id='word_1_37' title='bbox 98 1383 288 1450; x_wconf 73' lang='lat' dir='ltr'><strong>katholisclre</strong></span> <span class='ocrx_word' id='word_1_38' title='bbox 299 1382 470 1451; x_wconf 77' lang='lat' dir='ltr'><strong>Geistliche</strong></span> <span class='ocrx_word' id='word_1_39' title='bbox 484 1384 676 1451; x_wconf 69' lang='lat' dir='ltr'><strong>antemnae</strong></span> <span class='ocrx_word' id='word_1_40' title='bbox 691 1406 732 1451; x_wconf 81' lang='lat' dir='ltr'><strong>ra</strong></span> <span class='ocrx_word' id='word_1_41' title='bbox 747 1386 860 1453; x_wconf 65' lang='lat' dir='ltr'><strong>wesen.</strong></span> <span class='ocrx_word' id='word_1_42' title='bbox 878 1386 980 1470; x_wconf 78' lang='lat' dir='ltr'><strong>Wiea,</strong></span> <span class='ocrx_word' id='word_1_43' title='bbox 995 1393 1083 1455; x_wconf 82' lang='lat'><em>1602</em></span> <span class='ocrx_word' id='word_1_44' title='bbox 1094 1389 1170 1454; x_wconf 81' lang='lat' dir='ltr'><strong>Mai</strong></span> <span class='ocrx_word' id='word_1_45' title='bbox 1179 1394 1231 1456; x_wconf 82' lang='lat'><strong>20.</strong></span> 
     </span>
    </p>
   </div>
   <div class='ocr_carea' id='block_1_6' title="bbox 336 1481 933 1596">
    <p class='ocr_par' dir='ltr' id='par_1_6' title="bbox 336 1481 933 1596">
     <span class='ocr_line' id='line_1_9' title="bbox 336 1481 933 1596; baseline 0.002 -19"><span class='ocrx_word' id='word_1_46' title='bbox 336 1481 433 1596; x_wconf 52' lang='lat' dir='ltr'><strong>(ohe,</strong></span> <span class='ocrx_word' id='word_1_47' title='bbox 450 1527 553 1594; x_wconf 79' lang='lat' dir='ltr'><strong>Unger.</strong></span> <span class='ocrx_word' id='word_1_48' title='bbox 567 1527 652 1590; x_wconf 77' lang='lat' dir='ltr'><strong>n.-t.,</strong></span> <span class='ocrx_word' id='word_1_49' title='bbox 670 1527 746 1578; x_wconf 77' lang='lat' dir='ltr'><strong>Fun.</strong></span> <span class='ocrx_word' id='word_1_50' title='bbox 758 1529 820 1592; x_wconf 87' lang='lat' dir='ltr'>XII,</span> <span class='ocrx_word' id='word_1_51' title='bbox 837 1529 884 1580; x_wconf 85' lang='lat' dir='ltr'><strong>Nr.</strong></span> <span class='ocrx_word' id='word_1_52' title='bbox 896 1527 933 1595; x_wconf 80' lang='lat'><strong>3.)</strong></span> 
     </span>
    </p>
   </div>
   <div class='ocr_carea' id='block_1_7' title="bbox 46 1681 1234 2182">
    <p class='ocr_par' dir='ltr' id='par_1_7' title="bbox 46 1681 1234 2182">
     <span class='ocr_line' id='line_1_10' title="bbox 140 1681 1233 1773; baseline 0.006 -27"><span class='ocrx_word' id='word_1_53' title='bbox 140 1681 296 1748; x_wconf 78' lang='lat' dir='ltr'><strong>Matthias</strong></span> <span class='ocrx_word' id='word_1_54' title='bbox 320 1733 327 1747; x_wconf 92' lang='lat'><em>.</em></span> <span class='ocrx_word' id='word_1_55' title='bbox 352 1734 359 1748; x_wconf 95' lang='lat'>.</span> <span class='ocrx_word' id='word_1_56' title='bbox 385 1729 393 1746; x_wconf 92' lang='lat'>.</span> <span class='ocrx_word' id='word_1_57' title='bbox 417 1683 592 1769; x_wconf 86' lang='lat' dir='ltr'><strong>Magnifice</strong></span> <span class='ocrx_word' id='word_1_58' title='bbox 616 1735 623 1748; x_wconf 92' lang='lat'><strong>.</strong></span> <span class='ocrx_word' id='word_1_59' title='bbox 649 1735 656 1748; x_wconf 95' lang='lat'>.</span> <span class='ocrx_word' id='word_1_60' title='bbox 682 1733 689 1746; x_wconf 91' lang='lat'><em>.</em></span> <span class='ocrx_word' id='word_1_61' title='bbox 713 1682 938 1750; x_wconf 81' lang='lat' dir='ltr'><strong>Intelleximus</strong></span> <span class='ocrx_word' id='word_1_62' title='bbox 961 1708 1010 1769; x_wconf 85' lang='lat' dir='ltr'><strong>ea,</strong></span> <span class='ocrx_word' id='word_1_63' title='bbox 1033 1709 1118 1773; x_wconf 78' lang='lat' dir='ltr'><strong>qnae</strong></span> <span class='ocrx_word' id='word_1_64' title='bbox 1140 1686 1233 1753; x_wconf 89' lang='lat' dir='ltr'><strong>nobis</strong></span> 
     </span>
     <span class='ocr_line' id='line_1_11' title="bbox 46 1785 1234 1875; baseline 0.007 -26"><span class='ocrx_word' id='word_1_65' title='bbox 46 1785 81 1849; x_wconf 80' lang='lat' dir='ltr'><strong>od</strong></span> <span class='ocrx_word' id='word_1_66' title='bbox 110 1785 276 1853; x_wconf 86' lang='lat' dir='ltr'><strong>decretum</strong></span> <span class='ocrx_word' id='word_1_67' title='bbox 300 1798 445 1854; x_wconf 84' lang='lat' dir='ltr'><strong>nostrum</strong></span> <span class='ocrx_word' id='word_1_68' title='bbox 469 1788 531 1854; x_wconf 89' lang='lat' dir='ltr'><strong>sub</strong></span> <span class='ocrx_word' id='word_1_69' title='bbox 553 1789 651 1854; x_wconf 83' lang='lat' dir='ltr'><strong>finem</strong></span> <span class='ocrx_word' id='word_1_70' title='bbox 674 1791 823 1874; x_wconf 82' lang='lat' dir='ltr'><strong>proxime</strong></span> <span class='ocrx_word' id='word_1_71' title='bbox 846 1792 1022 1875; x_wconf 85' lang='lat' dir='ltr'><strong>preteritae</strong></span> <span class='ocrx_word' id='word_1_72' title='bbox 1044 1791 1152 1857; x_wconf 84' lang='lat' dir='ltr'><strong>dietae</strong></span> <span class='ocrx_word' id='word_1_73' title='bbox 1174 1793 1234 1857; x_wconf 93' lang='lat' dir='ltr'><strong>Po-</strong></span> 
     </span>
     <span class='ocr_line' id='line_1_12' title="bbox 47 1891 1234 1982; baseline 0.006 -26"><span class='ocrx_word' id='word_1_74' title='bbox 47 1893 193 1956; x_wconf 88' lang='lat' dir='ltr'><strong>scniensis</strong></span> <span class='ocrx_word' id='word_1_75' title='bbox 224 1891 282 1957; x_wconf 85' lang='lat' dir='ltr'><strong>tibi</strong></span> <span class='ocrx_word' id='word_1_76' title='bbox 313 1892 495 1960; x_wconf 86' lang='lat' dir='ltr'><strong>exhibitum</strong></span> <span class='ocrx_word' id='word_1_77' title='bbox 518 1893 734 1979; x_wconf 81' lang='lat' dir='ltr'><strong>responderis.</strong></span> <span class='ocrx_word' id='word_1_78' title='bbox 782 1893 948 1974; x_wconf 81' lang='lat' dir='ltr'><strong>Quantum</strong></span> <span class='ocrx_word' id='word_1_79' title='bbox 971 1898 1081 1982; x_wconf 75' lang='lat' dir='ltr'><strong>itaque</strong></span> <span class='ocrx_word' id='word_1_80' title='bbox 1103 1897 1146 1962; x_wconf 87' lang='lat' dir='ltr'><strong>ad</strong></span> <span class='ocrx_word' id='word_1_81' title='bbox 1169 1920 1234 1963; x_wconf 92' lang='lat' dir='ltr'><strong>non</strong></span> 
     </span>
     <span class='ocr_line' id='line_1_13' title="bbox 46 1995 1234 2085; baseline 0.008 -26"><span class='ocrx_word' id='word_1_82' title='bbox 46 1995 260 2082; x_wconf 87' lang='lat' dir='ltr'><strong>impediendos</strong></span> <span class='ocrx_word' id='word_1_83' title='bbox 283 1997 342 2063; x_wconf 90' lang='lat' dir='ltr'><strong>sed</strong></span> <span class='ocrx_word' id='word_1_84' title='bbox 364 1996 502 2063; x_wconf 85' lang='lat' dir='ltr'><strong>tuendos</strong></span> <span class='ocrx_word' id='word_1_85' title='bbox 524 2001 631 2084; x_wconf 88' lang='lat' dir='ltr'><strong>potins</strong></span> <span class='ocrx_word' id='word_1_86' title='bbox 655 2009 686 2064; x_wconf 87' lang='lat' dir='ltr'><strong>et</strong></span> <span class='ocrx_word' id='word_1_87' title='bbox 709 2000 947 2085; x_wconf 88' lang='lat' dir='ltr'><strong>promovendos</strong></span> <span class='ocrx_word' id='word_1_88' title='bbox 970 2000 1147 2067; x_wconf 84' lang='lat' dir='ltr'><strong>catholicae</strong></span> <span class='ocrx_word' id='word_1_89' title='bbox 1170 2003 1234 2068; x_wconf 91' lang='lat' dir='ltr'><strong>Ro-</strong></span> 
     </span>
     <span class='ocr_line' id='line_1_14' title="bbox 47 2102 1232 2182; baseline 0.007 -17"><span class='ocrx_word' id='word_1_90' title='bbox 47 2123 152 2166; x_wconf 83' lang='lat' dir='ltr'><strong>manae</strong></span> <span class='ocrx_word' id='word_1_91' title='bbox 183 2102 340 2168; x_wconf 85' lang='lat' dir='ltr'><strong>ecclesiae</strong></span> <span class='ocrx_word' id='word_1_92' title='bbox 371 2102 555 2169; x_wconf 79' lang='lat' dir='ltr'>sacerdotes</span> <span class='ocrx_word' id='word_1_93' title='bbox 575 2106 710 2182; x_wconf 85' lang='lat' dir='ltr'><strong>attinet,</strong></span> <span class='ocrx_word' id='word_1_94' title='bbox 741 2107 774 2169; x_wconf 94' lang='lat' dir='ltr'><strong>in</strong></span> <span class='ocrx_word' id='word_1_95' title='bbox 806 2127 843 2170; x_wconf 89' lang='lat' dir='ltr'><strong>eo</strong></span> <span class='ocrx_word' id='word_1_96' title='bbox 874 2129 894 2170; x_wconf 89' lang='lat' dir='ltr'><strong>a</strong></span> <span class='ocrx_word' id='word_1_97' title='bbox 924 2105 1118 2172; x_wconf 81' lang='lat' dir='ltr'>resolutione</span> <span class='ocrx_word' id='word_1_98' title='bbox 1141 2107 1174 2173; x_wconf 91' lang='lat' dir='ltr'><strong>S.</strong></span> <span class='ocrx_word' id='word_1_99' title='bbox 1196 2107 1232 2173; x_wconf 83' lang='lat'><strong>0.</strong></span> 
     </span>
    </p>
   </div>
   <div class='ocr_carea' id='block_1_8' title="bbox 48 2205 1363 2291">
    <p class='ocr_par' dir='ltr' id='par_1_8' title="bbox 48 2205 1363 2291">
     <span class='ocr_line' id='line_1_15' title="bbox 48 2205 1363 2291; baseline 0.006 -22"><span class='ocrx_word' id='word_1_100' title='bbox 48 2207 117 2291; x_wconf 86' lang='lat' dir='ltr'><strong>Reg.</strong></span> <span class='ocrx_word' id='word_1_101' title='bbox 142 2205 206 2271; x_wconf 68' lang='lat' dir='ltr'><strong>Mtis</strong></span> <span class='ocrx_word' id='word_1_102' title='bbox 237 2207 359 2273; x_wconf 89' lang='lat' dir='ltr'><strong>domini</strong></span> <span class='ocrx_word' id='word_1_103' title='bbox 390 2217 422 2273; x_wconf 92' lang='lat' dir='ltr'><strong>et</strong></span> <span class='ocrx_word' id='word_1_104' title='bbox 452 2208 561 2273; x_wconf 87' lang='lat' dir='ltr'><strong>fratris</strong></span> <span class='ocrx_word' id='word_1_105' title='bbox 593 2211 694 2274; x_wconf 85' lang='lat' dir='ltr'><strong>nostri</strong></span> <span class='ocrx_word' id='word_1_106' title='bbox 725 2208 1013 2276; x_wconf 83' lang='lat' dir='ltr'><strong>observandissimi</strong></span> <span class='ocrx_word' id='word_1_107' title='bbox 1043 2213 1107 2277; x_wconf 92' lang='lat' dir='ltr'><strong>iam</strong></span> <span class='ocrx_word' id='word_1_108' title='bbox 1138 2222 1234 2278; x_wconf 84' lang='lat' dir='ltr'><strong>antea</strong></span> <span class='ocrx_word' id='word_1_109' title='bbox 1359 2220 1363 2230; x_wconf 90' lang='lat'><em>&#39;</em></span> 
     </span>
    </p>
   </div>
   <div class='ocr_carea' id='block_1_9' title="bbox 47 2311 1234 3026">
    <p class='ocr_par' dir='ltr' id='par_1_9' title="bbox 47 2311 1234 3026">
     <span class='ocr_line' id='line_1_16' title="bbox 47 2311 1233 2400; baseline 0.007 -25"><span class='ocrx_word' id='word_1_110' title='bbox 47 2311 96 2374; x_wconf 88' lang='lat' dir='ltr'><strong>tibi</strong></span> <span class='ocrx_word' id='word_1_111' title='bbox 126 2313 273 2377; x_wconf 85' lang='lat' dir='ltr'><strong>intimata</strong></span> <span class='ocrx_word' id='word_1_112' title='bbox 303 2312 457 2378; x_wconf 88' lang='lat' dir='ltr'><strong>recedere</strong></span> <span class='ocrx_word' id='word_1_113' title='bbox 487 2313 670 2379; x_wconf 82' lang='lat' dir='ltr'><strong>nullatenus</strong></span> <span class='ocrx_word' id='word_1_114' title='bbox 701 2335 881 2400; x_wconf 89' lang='lat' dir='ltr'><strong>possumus.</strong></span> <span class='ocrx_word' id='word_1_115' title='bbox 929 2314 1024 2395; x_wconf 77' lang='lat' dir='ltr'><strong>Quod</strong></span> <span class='ocrx_word' id='word_1_116' title='bbox 1055 2317 1098 2382; x_wconf 87' lang='lat' dir='ltr'><strong>ad</strong></span> <span class='ocrx_word' id='word_1_117' title='bbox 1126 2339 1233 2383; x_wconf 87' lang='lat' dir='ltr'><strong>rever·</strong></span> 
     </span>
     <span class='ocr_line' id='line_1_17' title="bbox 47 2415 1234 2508; baseline 0.007 -29"><span class='ocrx_word' id='word_1_118' title='bbox 47 2415 121 2480; x_wconf 89' lang='lat' dir='ltr'><strong>sales</strong></span> <span class='ocrx_word' id='word_1_119' title='bbox 148 2439 169 2481; x_wconf 84' lang='lat' dir='ltr'><strong>a</strong></span> <span class='ocrx_word' id='word_1_120' title='bbox 198 2427 230 2480; x_wconf 87' lang='lat' dir='ltr'><strong>te</strong></span> <span class='ocrx_word' id='word_1_121' title='bbox 261 2417 438 2503; x_wconf 85' lang='lat' dir='ltr'><strong>postulatas</strong></span> <span class='ocrx_word' id='word_1_122' title='bbox 469 2416 644 2484; x_wconf 86' lang='lat' dir='ltr'><strong>clementer</strong></span> <span class='ocrx_word' id='word_1_123' title='bbox 666 2419 728 2483; x_wconf 89' lang='lat' dir='ltr'><strong>hac</strong></span> <span class='ocrx_word' id='word_1_124' title='bbox 750 2419 784 2484; x_wconf 94' lang='lat' dir='ltr'><strong>in</strong></span> <span class='ocrx_word' id='word_1_125' title='bbox 806 2428 898 2506; x_wconf 84' lang='lat' dir='ltr'><strong>parte</strong></span> <span class='ocrx_word' id='word_1_126' title='bbox 921 2422 1098 2487; x_wconf 79' lang='lat' dir='ltr'><strong>strictiores</strong></span> <span class='ocrx_word' id='word_1_127' title='bbox 1121 2433 1234 2508; x_wconf 89' lang='lat' dir='ltr'><strong>perte</strong></span> 
     </span>
     <span class='ocr_line' id='line_1_18' title="bbox 47 2519 1234 2610; baseline 0.006 -26"><span class='ocrx_word' id='word_1_128' title='bbox 47 2519 179 2586; x_wconf 61' lang='lat' dir='ltr'><strong>mendas</strong></span> <span class='ocrx_word' id='word_1_129' title='bbox 203 2521 401 2602; x_wconf 83' lang='lat' dir='ltr'><strong>relaxamus,</strong></span> <span class='ocrx_word' id='word_1_130' title='bbox 424 2522 599 2588; x_wconf 88' lang='lat' dir='ltr'><strong>dummodo</strong></span> <span class='ocrx_word' id='word_1_131' title='bbox 622 2523 714 2589; x_wconf 90' lang='lat' dir='ltr'><strong>nobis</strong></span> <span class='ocrx_word' id='word_1_132' title='bbox 738 2527 918 2610; x_wconf 82' lang='lat' dir='ltr'><strong>promittas,</strong></span> <span class='ocrx_word' id='word_1_133' title='bbox 942 2524 1089 2591; x_wconf 86' lang='lat' dir='ltr'><strong>divinum</strong></span> <span class='ocrx_word' id='word_1_134' title='bbox 1109 2527 1234 2591; x_wconf 88' lang='lat' dir='ltr'><strong>cultum</strong></span> 
     </span>
     <span class='ocr_line' id='line_1_19' title="bbox 47 2626 1234 2713; baseline 0.006 -24"><span class='ocrx_word' id='word_1_135' title='bbox 47 2634 133 2713; x_wconf 81' lang='lat' dir='ltr'><strong>atque</strong></span> <span class='ocrx_word' id='word_1_136' title='bbox 163 2629 356 2694; x_wconf 79' lang='lat' dir='ltr'><strong>exercitium</strong></span> <span class='ocrx_word' id='word_1_137' title='bbox 387 2626 564 2694; x_wconf 83' lang='lat' dir='ltr'><strong>catholicae</strong></span> <span class='ocrx_word' id='word_1_138' title='bbox 587 2629 681 2694; x_wconf 89' lang='lat' dir='ltr'><strong>Rom.</strong></span> <span class='ocrx_word' id='word_1_139' title='bbox 704 2627 870 2712; x_wconf 86' lang='lat' dir='ltr'><strong>religionis</strong></span> <span class='ocrx_word' id='word_1_140' title='bbox 893 2638 925 2694; x_wconf 82' lang='lat' dir='ltr'><strong>te</strong></span> <span class='ocrx_word' id='word_1_141' title='bbox 949 2629 1062 2695; x_wconf 85' lang='lat' dir='ltr'><strong>nullibi</strong></span> <span class='ocrx_word' id='word_1_142' title='bbox 1084 2632 1117 2696; x_wconf 94' lang='lat' dir='ltr'><strong>in</strong></span> <span class='ocrx_word' id='word_1_143' title='bbox 1140 2630 1234 2696; x_wconf 87' lang='lat' dir='ltr'><strong>bonis</strong></span> 
     </span>
     <span class='ocr_line' id='line_1_20' title="bbox 47 2731 1233 2820; baseline 0.005 -26"><span class='ocrx_word' id='word_1_144' title='bbox 47 2731 365 2818; x_wconf 79' lang='lat' dir='ltr'><strong>archiepiscopalibus</strong></span> <span class='ocrx_word' id='word_1_145' title='bbox 388 2742 486 2820; x_wconf 85' lang='lat' dir='ltr'><strong>atque</strong></span> <span class='ocrx_word' id='word_1_146' title='bbox 509 2735 606 2798; x_wconf 83' lang='lat' dir='ltr'><strong>etiam</strong></span> <span class='ocrx_word' id='word_1_147' title='bbox 631 2732 779 2800; x_wconf 87' lang='lat' dir='ltr'><strong>confiniis</strong></span> <span class='ocrx_word' id='word_1_148' title='bbox 801 2733 854 2799; x_wconf 89' lang='lat' dir='ltr'><strong>vel</strong></span> <span class='ocrx_word' id='word_1_149' title='bbox 870 2756 948 2799; x_wconf 90' lang='lat' dir='ltr'><strong>vero</strong></span> <span class='ocrx_word' id='word_1_150' title='bbox 963 2756 1118 2820; x_wconf 78' lang='lat' dir='ltr'><strong>personas</strong></span> <span class='ocrx_word' id='word_1_151' title='bbox 1134 2734 1233 2801; x_wconf 89' lang='lat' dir='ltr'><strong>eccle·</strong></span> 
     </span>
     <span class='ocr_line' id='line_1_21' title="bbox 47 2835 1232 2905; baseline 0.005 -6"><span class='ocrx_word' id='word_1_152' title='bbox 47 2837 180 2902; x_wconf 86' lang='lat' dir='ltr'><strong>siasticas</strong></span> <span class='ocrx_word' id='word_1_153' title='bbox 208 2837 413 2903; x_wconf 86' lang='lat' dir='ltr'><strong>turbaturum</strong></span> <span class='ocrx_word' id='word_1_154' title='bbox 444 2846 501 2904; x_wconf 85' lang='lat' dir='ltr'><strong>aut</strong></span> <span class='ocrx_word' id='word_1_155' title='bbox 531 2835 777 2904; x_wconf 82' lang='lat' dir='ltr'><strong>molestaturnm</strong></span> <span class='ocrx_word' id='word_1_156' title='bbox 809 2838 867 2903; x_wconf 89' lang='lat' dir='ltr'><strong>sed</strong></span> <span class='ocrx_word' id='word_1_157' title='bbox 891 2861 951 2904; x_wconf 93' lang='lat' dir='ltr'><strong>nec</strong></span> <span class='ocrx_word' id='word_1_158' title='bbox 974 2841 1232 2905; x_wconf 80' lang='lat' dir='ltr'><strong>concionatorem</strong></span> 
     </span>
     <span class='ocr_line' id='line_1_22' title="bbox 47 2939 1231 3026; baseline 0.006 -22"><span class='ocrx_word' id='word_1_159' title='bbox 47 2939 134 3005; x_wconf 83' lang='lat' dir='ltr'><strong>nllnm</strong></span> <span class='ocrx_word' id='word_1_160' title='bbox 157 2950 288 3026; x_wconf 87' lang='lat' dir='ltr'><strong>praeter</strong></span> <span class='ocrx_word' id='word_1_161' title='bbox 311 2942 492 3007; x_wconf 87' lang='lat' dir='ltr'><strong>Romanmn</strong></span> <span class='ocrx_word' id='word_1_162' title='bbox 516 2941 709 3008; x_wconf 84' lang='lat' dir='ltr'><strong>catholicum</strong></span> <span class='ocrx_word' id='word_1_163' title='bbox 734 2943 935 3008; x_wconf 86' lang='lat' dir='ltr'><strong>sacerdotem</strong></span> <span class='ocrx_word' id='word_1_164' title='bbox 959 2954 991 3009; x_wconf 87' lang='lat' dir='ltr'><strong>te</strong></span> <span class='ocrx_word' id='word_1_165' title='bbox 1014 2943 1231 3011; x_wconf 86' lang='lat' dir='ltr'><strong>inducturum.</strong></span> 
     </span>
    </p>
   </div>
   <div class='ocr_carea' id='block_1_10' title="bbox 49 3043 1232 3218">
    <p class='ocr_par' dir='ltr' id='par_1_10' title="bbox 49 3043 1232 3218">
     <span class='ocr_line' id='line_1_23' title="bbox 49 3043 1232 3132; baseline 0.004 -22"><span class='ocrx_word' id='word_1_166' title='bbox 49 3043 132 3125; x_wconf 79' lang='lat' dir='ltr'><strong>Quod</strong></span> <span class='ocrx_word' id='word_1_167' title='bbox 161 3045 222 3110; x_wconf 86' lang='lat' dir='ltr'><strong>tibi</strong></span> <span class='ocrx_word' id='word_1_168' title='bbox 251 3045 428 3113; x_wconf 87' lang='lat' dir='ltr'><strong>clementer</strong></span> <span class='ocrx_word' id='word_1_169' title='bbox 454 3047 705 3132; x_wconf 84' lang='lat' dir='ltr'><strong>significandum</strong></span> <span class='ocrx_word' id='word_1_170' title='bbox 729 3047 893 3114; x_wconf 84' lang='lat' dir='ltr'><strong>duximus.</strong></span> <span class='ocrx_word' id='word_1_171' title='bbox 939 3049 1062 3115; x_wconf 84' lang='lat' dir='ltr'><strong>Datum</strong></span> <span class='ocrx_word' id='word_1_172' title='bbox 1084 3049 1232 3116; x_wconf 87' lang='lat' dir='ltr'><strong>Viennae</strong></span> 
     </span>
     <span class='ocr_line' id='line_1_24' title="bbox 49 3151 555 3218; baseline 0.008 -4"><span class='ocrx_word' id='word_1_173' title='bbox 49 3151 91 3214; x_wconf 80' lang='lat'><strong>21.</strong></span> <span class='ocrx_word' id='word_1_174' title='bbox 105 3151 182 3216; x_wconf 87' lang='lat' dir='ltr'><strong>Maii</strong></span> <span class='ocrx_word' id='word_1_175' title='bbox 204 3174 291 3217; x_wconf 86' lang='lat' dir='ltr'><strong>anno</strong></span> <span class='ocrx_word' id='word_1_176' title='bbox 314 3151 436 3218; x_wconf 88' lang='lat' dir='ltr'><strong>domini</strong></span> <span class='ocrx_word' id='word_1_177' title='bbox 462 3151 555 3218; x_wconf 81' lang='grc'><strong>1602.</strong></span> 
     </span>
    </p>
   </div>
   <div class='ocr_carea' id='block_1_11' title="bbox 84 3310 1187 3521">
    <p class='ocr_par' dir='ltr' id='par_1_11' title="bbox 84 3310 1187 3521">
     <span class='ocr_line' id='line_1_25' title="bbox 84 3310 1187 3454; baseline 0.002 -80"><span class='ocrx_word' id='word_1_178' title='bbox 84 3310 245 3376; x_wconf 80' lang='lat' dir='ltr'><strong>Matthias.</strong></span> <span class='ocrx_word' id='word_1_179' title='bbox 990 3366 1022 3433; x_wconf 39' lang='lat' dir='ltr'><strong>J.</strong></span> <span class='ocrx_word' id='word_1_180' title='bbox 1047 3366 1187 3454; x_wconf 41' lang='grc' dir='ltr'><strong>ΜΡΝ.</strong></span> 
     </span>
     <span class='ocr_line' id='line_1_26' title="bbox 474 3449 792 3521; baseline 0.003 -19"><span class='ocrx_word' id='word_1_181' title='bbox 474 3449 574 3520; x_wconf 74' lang='lat' dir='ltr'><strong>(siege</strong></span> <span class='ocrx_word' id='word_1_182' title='bbox 593 3449 792 3521; x_wconf 58' lang='lat' dir='ltr'><strong>antenorem.)</strong></span> 
     </span>
    </p>
   </div>
   <div class='ocr_carea' id='block_1_12' title="bbox 51 3593 1234 3731">
    <p class='ocr_par' dir='ltr' id='par_1_12' title="bbox 51 3593 1234 3731">
     <span class='ocr_line' id='line_1_27' title="bbox 138 3593 1234 3661; baseline 0.003 -18"><span class='ocrx_word' id='word_1_183' title='bbox 138 3593 251 3644; x_wconf 80' lang='lat' dir='ltr'><strong>Scheint</strong></span> <span class='ocrx_word' id='word_1_184' title='bbox 268 3593 336 3644; x_wconf 83' lang='lat' dir='ltr'><strong>doch</strong></span> <span class='ocrx_word' id='word_1_185' title='bbox 355 3595 405 3644; x_wconf 87' lang='lat' dir='ltr'><strong>mit</strong></span> <span class='ocrx_word' id='word_1_186' title='bbox 421 3594 469 3645; x_wconf 86' lang='lat' dir='ltr'><strong>der</strong></span> <span class='ocrx_word' id='word_1_187' title='bbox 479 3594 637 3645; x_wconf 84' lang='lat' dir='ltr'><strong>ateirischen</strong></span> <span class='ocrx_word' id='word_1_188' title='bbox 651 3593 921 3660; x_wconf 75' lang='lat' dir='ltr'><strong>Gegenreformation</strong></span> <span class='ocrx_word' id='word_1_189' title='bbox 933 3596 970 3645; x_wconf 89' lang='lat' dir='ltr'><strong>im</strong></span> <span class='ocrx_word' id='word_1_190' title='bbox 983 3595 1234 3661; x_wconf 73' lang='lat' dir='ltr'><strong>zusammenhange</strong></span> 
     </span>
     <span class='ocr_line' id='line_1_28' title="bbox 51 3681 190 3731; baseline 0.007 -1"><span class='ocrx_word' id='word_1_191' title='bbox 51 3696 78 3730; x_wconf 86' lang='lat' dir='ltr'><strong>m</strong></span> <span class='ocrx_word' id='word_1_192' title='bbox 95 3681 190 3731; x_wconf 81' lang='lat' dir='ltr'><strong>stehen.</strong></span> 
     </span>
    </p>
   </div>
   <div class='ocr_carea' id='block_1_13' title="bbox 588 3872 681 3942">
    <p class='ocr_par' dir='ltr' id='par_1_13' title="bbox 588 3872 681 3942">
     <span class='ocr_line' id='line_1_29' title="bbox 588 3872 681 3942; baseline 0.054 -6"><span class='ocrx_word' id='word_1_193' title='bbox 588 3872 681 3942; x_wconf 83' lang='lat'>1414.</span> 
     </span>
    </p>
   </div>
   <div class='ocr_carea' id='block_1_14' title="bbox 9 4030 1234 4745">
    <p class='ocr_par' dir='ltr' id='par_1_14' title="bbox 9 4030 1234 4745">
     <span class='ocr_line' id='line_1_30' title="bbox 52 4030 1231 4101; baseline -0.001 -3"><span class='ocrx_word' id='word_1_194' title='bbox 52 4031 104 4098; x_wconf 83' lang='lat' dir='ltr'><strong>Die</strong></span> <span class='ocrx_word' id='word_1_195' title='bbox 122 4033 305 4101; x_wconf 63' lang='lat' dir='ltr'><strong>sternata</strong></span> <span class='ocrx_word' id='word_1_196' title='bbox 328 4032 538 4098; x_wconf 79' lang='lat' dir='ltr'><strong>Verordrtetert</strong></span> <span class='ocrx_word' id='word_1_197' title='bbox 562 4051 606 4096; x_wconf 81' lang='lat' dir='ltr'><strong>art</strong></span> <span class='ocrx_word' id='word_1_198' title='bbox 628 4032 681 4096; x_wconf 78' lang='lat' dir='ltr'><strong>eie</strong></span> <span class='ocrx_word' id='word_1_199' title='bbox 701 4030 828 4097; x_wconf 84' lang='lat' dir='ltr'><strong>Herrea</strong></span> <span class='ocrx_word' id='word_1_200' title='bbox 850 4033 918 4097; x_wconf 82' lang='lat' dir='ltr'><strong>aad</strong></span> <span class='ocrx_word' id='word_1_201' title='bbox 940 4031 1119 4098; x_wconf 77' lang='lat' dir='ltr'><strong>Laadleate</strong></span> <span class='ocrx_word' id='word_1_202' title='bbox 1137 4032 1180 4096; x_wconf 80' lang='lat' dir='ltr'><strong>A.</strong></span> <span class='ocrx_word' id='word_1_203' title='bbox 1197 4030 1231 4099; x_wconf 80' lang='lat'><strong>0.</strong></span> 
     </span>
     <span class='ocr_line' id='line_1_31' title="bbox 53 4136 1233 4221; baseline 0.002 -21"><span class='ocrx_word' id='word_1_204' title='bbox 53 4138 87 4201; x_wconf 80' lang='lat' dir='ltr'><strong>in</strong></span> <span class='ocrx_word' id='word_1_205' title='bbox 107 4138 220 4204; x_wconf 76' lang='lat' dir='ltr'><strong>Viertel</strong></span> <span class='ocrx_word' id='word_1_206' title='bbox 241 4136 333 4204; x_wconf 72' lang='lat' dir='ltr'><strong>otti.-</strong></span> <span class='ocrx_word' id='word_1_207' title='bbox 363 4136 510 4221; x_wconf 75' lang='lat' dir='ltr'><strong>beldapea</strong></span> <span class='ocrx_word' id='word_1_208' title='bbox 539 4137 598 4202; x_wconf 80' lang='lat' dir='ltr'><strong>mit</strong></span> <span class='ocrx_word' id='word_1_209' title='bbox 626 4136 724 4201; x_wconf 77' lang='lat' dir='ltr'><strong>ihren</strong></span> <span class='ocrx_word' id='word_1_210' title='bbox 754 4137 816 4201; x_wconf 81' lang='lat' dir='ltr'><strong>dea</strong></span> <span class='ocrx_word' id='word_1_211' title='bbox 846 4137 948 4203; x_wconf 74' lang='lat' dir='ltr'><strong>durch</strong></span> <span class='ocrx_word' id='word_1_212' title='bbox 977 4137 1029 4202; x_wconf 79' lang='lat' dir='ltr'><strong>die</strong></span> <span class='ocrx_word' id='word_1_213' title='bbox 1051 4137 1233 4221; x_wconf 73' lang='lat' dir='ltr'><strong>Verjopartp</strong></span> 
     </span>
     <span class='ocr_line' id='line_1_32' title="bbox 53 4241 1234 4326; baseline 0.001 -20"><span class='ocrx_word' id='word_1_214' title='bbox 53 4242 96 4306; x_wconf 79' lang='lat' dir='ltr'><strong>ier</strong></span> <span class='ocrx_word' id='word_1_215' title='bbox 123 4243 333 4325; x_wconf 74' lang='lat' dir='ltr'><strong>,cirriatiioirea</strong></span> <span class='ocrx_word' id='word_1_216' title='bbox 359 4243 545 4326; x_wconf 76' lang='lat' dir='ltr'><strong>Seelsoraer‘</strong></span> <span class='ocrx_word' id='word_1_217' title='bbox 567 4243 850 4325; x_wconf 70' lang='lat' dir='ltr'><strong>hemeraerafeaea</strong></span> <span class='ocrx_word' id='word_1_218' title='bbox 872 4241 1063 4326; x_wconf 64' lang='lat' dir='ltr'><strong>amaseam</strong></span> <span class='ocrx_word' id='word_1_219' title='bbox 1085 4242 1234 4308; x_wconf 65' lang='lat' dir='ltr'><strong>maana</strong></span> 
     </span>
     <span class='ocr_line' id='line_1_33' title="bbox 52 4346 1234 4434; baseline -0.001 -22"><span class='ocrx_word' id='word_1_220' title='bbox 52 4346 94 4412; x_wconf 78' lang='lat' dir='ltr'><strong>des</strong></span> <span class='ocrx_word' id='word_1_221' title='bbox 120 4348 257 4415; x_wconf 71' lang='lat' dir='ltr'><strong>mnae.</strong></span> <span class='ocrx_word' id='word_1_222' title='bbox 301 4347 399 4414; x_wconf 80' lang='lat' dir='ltr'><strong>Dicae</strong></span> <span class='ocrx_word' id='word_1_223' title='bbox 426 4347 633 4414; x_wconf 75' lang='lat' dir='ltr'><strong>Persekatioa</strong></span> <span class='ocrx_word' id='word_1_224' title='bbox 661 4347 736 4431; x_wconf 66' lang='lat' dir='ltr'><strong>pelte</strong></span> <span class='ocrx_word' id='word_1_225' title='bbox 756 4347 842 4429; x_wconf 76' lang='lat' dir='ltr'><strong>&#39;jetrt</strong></span> <span class='ocrx_word' id='word_1_226' title='bbox 871 4349 942 4434; x_wconf 91' lang='lat' dir='ltr'><strong>pari</strong></span> <span class='ocrx_word' id='word_1_227' title='bbox 972 4368 1070 4432; x_wconf 86' lang='lat' dir='ltr'><strong>passu</strong></span> <span class='ocrx_word' id='word_1_228' title='bbox 1093 4346 1175 4413; x_wconf 79' lang='lat' dir='ltr'><strong>aucit</strong></span> <span class='ocrx_word' id='word_1_229' title='bbox 1196 4349 1234 4412; x_wconf 82' lang='lat' dir='ltr'><strong>ia</strong></span> 
     </span>
     <span class='ocr_line' id='line_1_34' title="bbox 9 4450 1233 4519; baseline 0.003 -7"><span class='ocrx_word' id='word_1_230' title='bbox 9 4507 10 4512; x_wconf 73' lang='grc'>,</span> <span class='ocrx_word' id='word_1_231' title='bbox 52 4450 232 4519; x_wconf 77' lang='lat' dir='ltr'><strong>Steiemarlr</strong></span> <span class='ocrx_word' id='word_1_232' title='bbox 258 4452 348 4518; x_wconf 75' lang='lat' dir='ltr'><strong>aare</strong></span> <span class='ocrx_word' id='word_1_233' title='bbox 376 4453 491 4518; x_wconf 76' lang='lat' dir='ltr'><strong>writer.</strong></span> <span class='ocrx_word' id='word_1_234' title='bbox 537 4452 622 4517; x_wconf 86' lang='lat' dir='ltr'><strong>Mart</strong></span> <span class='ocrx_word' id='word_1_235' title='bbox 649 4453 739 4518; x_wconf 83' lang='lat' dir='ltr'><strong>wisse</strong></span> <span class='ocrx_word' id='word_1_236' title='bbox 765 4453 838 4517; x_wconf 81' lang='lat' dir='ltr'><strong>keia</strong></span> <span class='ocrx_word' id='word_1_237' title='bbox 860 4453 994 4517; x_wconf 78' lang='lat' dir='ltr'><strong>caderes</strong></span> <span class='ocrx_word' id='word_1_238' title='bbox 1015 4450 1125 4517; x_wconf 74' lang='lat' dir='ltr'><strong>Mitte</strong></span> <span class='ocrx_word' id='word_1_239' title='bbox 1147 4451 1233 4517; x_wconf 77' lang='lat' dir='ltr'><strong>mehr</strong></span> 
     </span>
     <span class='ocr_line' id='line_1_35' title="bbox 9 4555 1233 4641; baseline 0 -19"><span class='ocrx_word' id='word_1_240' title='bbox 9 4581 10 4610; x_wconf 67' lang='lat'>1</span> <span class='ocrx_word' id='word_1_241' title='bbox 53 4556 92 4622; x_wconf 78' lang='lat' dir='ltr'><strong>as</strong></span> <span class='ocrx_word' id='word_1_242' title='bbox 118 4558 240 4624; x_wconf 69' lang='lat' dir='ltr'><strong>ereata</strong></span> <span class='ocrx_word' id='word_1_243' title='bbox 269 4559 339 4623; x_wconf 79' lang='lat' dir='ltr'><strong>aad</strong></span> <span class='ocrx_word' id='word_1_244' title='bbox 368 4558 545 4624; x_wconf 79' lang='lat' dir='ltr'><strong>Vertraaea</strong></span> <span class='ocrx_word' id='word_1_245' title='bbox 575 4559 642 4641; x_wconf 81' lang='lat' dir='ltr'><strong>anf</strong></span> <span class='ocrx_word' id='word_1_246' title='bbox 662 4555 769 4624; x_wconf 80' lang='lat' dir='ltr'><strong>Gottes</strong></span> <span class='ocrx_word' id='word_1_247' title='bbox 791 4557 891 4640; x_wconf 68' lang='lat' dir='ltr'><strong>Htife.</strong></span> <span class='ocrx_word' id='word_1_248' title='bbox 938 4556 1003 4622; x_wconf 80' lang='lat' dir='ltr'><strong>Die</strong></span> <span class='ocrx_word' id='word_1_249' title='bbox 1022 4557 1151 4621; x_wconf 80' lang='lat' dir='ltr'><strong>Horrea</strong></span> <span class='ocrx_word' id='word_1_250' title='bbox 1174 4563 1233 4623; x_wconf 80' lang='lat' dir='ltr'><strong>tan</strong></span> 
     </span>
     <span class='ocr_line' id='line_1_36' title="bbox 9 4661 1233 4745; baseline -0.001 -20"><span class='ocrx_word' id='word_1_251' title='bbox 9 4693 10 4698; x_wconf 13' lang='grc' dir='ltr'><strong>κ</strong></span> <span class='ocrx_word' id='word_1_252' title='bbox 53 4683 122 4742; x_wconf 80' lang='lat' dir='ltr'><strong>paor</strong></span> <span class='ocrx_word' id='word_1_253' title='bbox 147 4665 241 4745; x_wconf 74' lang='lat' dir='ltr'><strong>recht,</strong></span> <span class='ocrx_word' id='word_1_254' title='bbox 274 4663 381 4728; x_wconf 69' lang='lat' dir='ltr'><strong>iudom</strong></span> <span class='ocrx_word' id='word_1_255' title='bbox 410 4665 456 4728; x_wconf 77' lang='lat' dir='ltr'><strong>sie</strong></span> <span class='ocrx_word' id='word_1_256' title='bbox 482 4663 543 4728; x_wconf 78' lang='lat' dir='ltr'><strong>den</strong></span> <span class='ocrx_word' id='word_1_257' title='bbox 569 4661 770 4745; x_wconf 75' lang='lat' dir='ltr'><strong>Seeisorpcra</strong></span> <span class='ocrx_word' id='word_1_258' title='bbox 792 4664 883 4727; x_wconf 82' lang='lat' dir='ltr'><strong>einen</strong></span> <span class='ocrx_word' id='word_1_259' title='bbox 906 4661 1046 4726; x_wconf 67' lang='lat' dir='ltr'><strong>sichaen</strong></span> <span class='ocrx_word' id='word_1_260' title='bbox 1068 4661 1166 4726; x_wconf 79' lang='lat' dir='ltr'><strong>Plato</strong></span> <span class='ocrx_word' id='word_1_261' title='bbox 1188 4682 1233 4723; x_wconf 84' lang='lat' dir='ltr'><strong>aa</strong></span> 
     </span>
    </p>
   </div>
   <div class='ocr_carea' id='block_1_15' title="bbox 0 0 1556 5067">
    <p class='ocr_par' dir='ltr' id='par_1_15' title="bbox 0 0 1556 5067">
     <span class='ocr_line' id='line_1_37' title="bbox 0 0 1556 5067; baseline 0 0"><span class='ocrx_word' id='word_1_262' title='bbox 0 0 1556 5067; x_wconf 95' lang='lat' dir='ltr'><strong> </strong></span> 
     </span>
    </p>
   </div>
  </div>
 </body>
</html>
