3100 5067
298 362 362 426 260

297 555 410 617 tationi
434 561 561 617 nostrae
585 553 730 618 subiecta
754 554 927 637 vigilanter
949 553 1258 633 animadvertamus,
1282 576 1324 618 ne
1339 557 1485 620 iuventus

300 661 365 722 otio
392 667 565 743 torpescat,
597 659 655 722 sed
682 670 718 722 ut
742 663 774 722 in
798 661 836 723 iis
859 682 925 724 una
948 680 1021 723 cum
1045 658 1215 743 disciplina
1240 658 1383 743 regulari
1407 670 1487 723 artes

297 762 402 826 bonae
433 762 560 827 alantur
590 772 622 827 et
650 763 798 827 doctrina
827 764 986 828 foveatur.
1032 763 1115 830 Cum
1138 765 1239 846 igitur
1261 765 1323 827 hoc
1345 763 1488 828 sollicitu-

299 866 365 931 dini
389 876 519 931 nostrae
542 869 749 933 commissum
772 869 813 932 sit
836 869 934 954 idque
957 891 1020 933 non
1046 868 1141 933 modo
1162 871 1250 932 vitae
1265 871 1413 954 privatae
1427 868 1489 932 feli·

298 974 427 1036 citatem
451 972 508 1035 sed
532 973 628 1036 etiam
651 972 771 1037 bonum
796 972 972 1058 publicum,
997 973 1202 1038 commodum
1224 975 1488 1038 monasteriorum

298 1084 331 1140 et
353 1085 563 1161 augmentum
586 1076 751 1162 religionis
775 1077 951 1142 catholicae
982 1087 1165 1157 concernat,
1196 1078 1336 1163 ideoque
1366 1079 1489 1141 nomine

298 1180 378 1246 Rev.
403 1180 434 1244 d.
459 1181 619 1264 generalis
649 1181 875 1267 praesentibus
906 1183 1080 1248 admodum
1113 1184 1194 1250 Rev.
1218 1182 1431 1248 dominationi
1453 1183 1488 1245 V.

297 1287 380 1349 serio
411 1287 620 1370 iniungimus,
655 1295 691 1352 ut
726 1290 812 1352 circa
847 1288 974 1352 Pascha
1008 1288 1125 1352 fratres
1160 1287 1284 1373 aliquot
1314 1286 1358 1352 ad
1389 1287 1489 1352 studia

300 1390 491 1474 sumptibus,
531 1391 663 1474 lecticis,
701 1391 940 1476 lineaminibus‚
979 1395 1179 1457 vestimentis
1217 1392 1355 1478 aliisque
1389 1414 1490 1456 neces·

298 1497 389 1558 sariis
420 1495 620 1560 sufficienter
650 1495 745 1561 simul
777 1499 952 1563 instructos
975 1497 1150 1563 Graecium
1174 1499 1290 1580 mittat,
1314 1495 1427 1560 habita
1448 1519 1489 1560 ra·

298 1600 385 1663 tione
408 1598 593 1665 reddituum
618 1604 806 1666 monasterii
829 1604 889 1668 sui.
920 1601 987 1666 Nos
1011 1625 1088 1666 vero
1112 1601 1220 1667 aulam
1236 1610 1381 1666 nostram
1398 1602 1491 1667 Grae·

298 1725 428 1768 censam
459 1704 501 1769 ad
532 1705 618 1770 hunc
648 1728 741 1771 usum
771 1706 1010 1790 deputavimus,
1033 1709 1066 1770 in
1091 1729 1155 1793 qua
1177 1706 1272 1771 simul
1295 1708 1489 1789 congregati,

298 1830 338 1872 ne
355 1809 505 1893 vagando
521 1808 723 1890 insolescant,
745 1811 802 1875 sed
819 1811 879 1877 sub
896 1811 1104 1877 observantia
1119 1820 1151 1875 et
1167 1793 1338 1896 disciplina
1355 1810 1490 1894 regulavi

298 1914 365 1977 vita
396 1913 591 1999 exemplaris
623 1915 794 1997 elucescat,
824 1916 1091 2002 praeceptoribus
1122 1938 1220 1981 curae
1243 1918 1488 1980 committantur.

299 2016 451 2082 Addetur
474 2021 605 2103 insuper
628 2041 751 2105 coquus
774 2029 807 2083 et
830 2022 977 2084 minister
1000 2020 1126 2106 aliquis,
1158 2022 1214 2105 qui
1237 2041 1350 2084 curam
1373 2021 1421 2083 rei
1443 2018 1489 2082 do

297 2125 450 2186 mesticae
480 2133 594 2206 gerent
624 2132 801 2207 eteorum,
826 2147 910 2211 quae
933 2147 1012 2190 usus
1036 2125 1244 2209 quotidianus
1268 2125 1425 2210 requiret,
1447 2147 1488 2187 ra·

296 2227 414 2290 tionem
432 2226 607 2309 habebunt,
631 2240 666 2292 ut
682 2231 728 2292 sic
743 2229 873 2312 religcsi
889 2231 977 2293 omni
992 2251 1070 2295 cura
1086 2231 1227 2314 seposita
1242 2228 1372 2293 avidius
1389 2229 1490 2293 studia

299 2339 471 2396 sectentur.
497 2382 504 2394 .
530 2385 536 2396 .
563 2383 569 2396 .
594 2335 716 2399 Datum
747 2335 885 2400 Rhunae
916 2334 968 2400 23.
992 2335 1044 2399 die
1068 2335 1260 2399 Decembris
1291 2356 1377 2398 anno
1408 2335 1487 2397 lton.

732 2492 770 2556 R.
788 2492 824 2556 P.
838 2493 878 2556 V.
899 2493 1062 2557 confrater

828 2650 930 2714 frater
954 2651 1115 2734 Georgius
1138 2649 1241 2715 abbas
1263 2650 1454 2717 Reunenois.

737 2804 838 2876 (Siegel
857 2809 1055 2876 anlgsdrltclrt.)

849 3034 942 3100 1454.

296 3188 483 3255 Meaoriale
497 3189 591 3254 Peter
603 3188 771 3272 Obsistoplt
786 3190 996 3274 Prouofollcs.
1022 3192 1486 3277 ‚Particularbescliwdratispon,

296 3312 329 3358 so
351 3295 450 3358 wider
473 3295 524 3357 die
546 3295 1062 3376 s.Reformotioascommissoriea
1085 3298 1136 3362 die
1149 3297 1424 3363 Eustolleriselieu
1444 3299 1485 3362 be·

442 3398 635 3464 tsoeltborteo
658 3399 820 3465 Loadleot
841 3401 1073 3485 furaubriapea
1094 3401 1217 3467 vaauen}
1256 3406 1353 3470 1602.

753 3539 803 3606 (st.
816 3540 903 3604 n-n,
922 3542 984 3591 cur.
997 3540 1041 3608 n.)

404 3697 429 3758 1.
456 3695 596 3760 Erstlich
620 3697 725 3762 haben
750 3719 799 3783 sy,
823 3698 854 3761 h.
873 3700 1122 3779 commissarien,
1146 3699 1291 3763 zuwider
1310 3698 1409 3764 altem
1425 3700 1484 3763 her·

298 3800 449 3865 kommen
474 3802 540 3867 und
565 3802 603 3866 Ε.
628 3803 665 3866 Ε.
691 3803 729 3866 L.
753 3803 950 3889 froylreitten
974 3805 1085 3888 aigens
1108 3807 1173 3868 ires
1196 3803 1354 3888 gesallens
1377 3823 1484 3871 unsere

297 3906 515 3970 unterthanen
538 3909 597 3970 mit
619 3907 781 3994 betroung
804 3908 862 3973 des
884 3918 1007 3994 prante,
1030 3911 1106 3973 item
1130 3908 1210 3973 leibs
1234 3909 1302 3975 und
1324 3920 1420 3993 guets
1440 3929 1484 3992 ge

295 4009 368 4074 fabr
390 4010 443 4074 fur
466 4010 533 4074 sich
556 4011 709 4093 erfodert,
733 4013 839 4077 denen
856 4012 1109 4077 ersclreinenden
1125 4013 1297 4097 auferlcgt,
1321 4013 1359 4076 in
1369 4021 1483 4100 puncto

296 4116 376 4178 irem
399 4113 535 4198 pfarrer,
560 4136 594 4178 so
619 4113 714 4179 dabei
738 4137 903 4199 gesessen,
927 4116 1143 4200 anzugl'uben,
1167 4118 1226 4183 das
1249 4141 1288 4205 sy
1304 4119 1375 4184 sich
1391 4122 1482 4183 inner-

296 4217 371 4281 halb
403 4217 484 4304 drey
507 4219 640 4283 wochen
668 4219 721 4284 bei
744 4221 819 4283 ineu
843 4222 876 4284 in
900 4221 953 4284 die
977 4220 1087 4286 beicht
1109 4221 1177 4286 und
1201 4224 1407 4288 communion
1429 4223 1482 4286 ein·

295 4321 408 4387 stellen
432 4323 554 4389 wellen.
601 4324 737 4390 Welche
759 4324 826 4390 also
850 4325 1045 4410 gehersamb
1068 4325 1194 4410 gelaist,
1223 4325 1330 4392 haben
1354 4327 1380 4391 I.
1397 4328 1433 4392 F.
1448 4325 1483 4390 D‘

295 4439 433 4512 vermug
463 4431 552 4494 aines
583 4428 851 4496 absonderlicheo
884 4430 1015 4496 aitsnotl
1045 4432 1149 4496 ferrer
1176 4432 1325 4496 sclrweru
1347 4432 1417 4497 und
1438 4453 1481 4496 au·

295 4532 413 4615 glitben
446 4545 611 4616 mttessen3
642 4534 748 4600 denen
778 4537 994 4622 bestandigen
1025 4536 1244 4602 unterthanen
1274 4537 1353 4602 aber
1385 4536 1480 4602 haben

295 4660 333 4722 sy
357 4637 408 4702 bei
432 4638 619 4724 verlierung
642 4639 722 4704 leibs
746 4641 813 4705 und
837 4642 948 4707 lebeus
971 4642 1142 4708 innerhalb
1165 4643 1336 4706 bivochen
1358 4643 1481 4728 3tagcu
