3100 5067
310 361 374 424 362

308 554 440 632 sitieris,
465 561 535 637 sapt
557 553 678 619 Daniel
697 555 789 621 Gall:
812 576 843 620 es
865 557 911 620 sei
932 577 973 620 aa
995 556 1150 641 bollopea,
1174 559 1239 643 dall
1261 578 1295 622 so
1316 556 1375 622 viel
1388 557 1498 640 Olm'p

308 661 410 725 leina
432 663 477 724 im
498 659 612 725 Londe
632 661 717 725 scien
738 661 808 724 aad
830 660 894 746 dall
917 661 973 725 der
994 662 1341 745 Kammerproltarotor
1362 663 1431 726 arrd
1453 664 1500 726 llic

308 765 898 848 Relipionaresormotionsltomma'ssltre
930 768 976 830 lm
1007 767 1120 832 Lanae
1150 768 1298 850 pellenae.
1349 766 1499 846 Μῶαώ,

763 875 851 936 1604
872 871 1000 955 Aapasl
1022 877 1052 938 6.

837 1010 976 1080 (n-erot.)

863 1219 955 1284 1606.

309 1376 536 1460 Farstbisclsos
560 1378 690 1442 Martia
720 1397 780 1441 oon
803 1377 924 1442 Scolon
946 1398 990 1441 an
1014 1377 1156 1458 Stephon
1177 1378 1335 1462 Meislaer,
1367 1376 1500 1458 Psarrcr

308 1483 344 1544 in
368 1481 596 1564 Fraaaabarp:
629 1481 753 1563 Befelrl,
777 1483 829 1546 dia
851 1481 1074 1547 Ketaert'solreo
1097 1519 1137 1528 -
1161 1483 1220 1547 mil
1241 1481 1431 1548 Aasnolrme
1452 1482 1501 1544 der

310 1586 519 1651 Landlierrea
544 1623 580 1632 -
605 1607 664 1651 aar
685 1586 826 1670 Anaeipe
847 1607 887 1650 aa
910 1585 1051 1670 brlnpea.
1074 1585 1207 1666 Scolon,
1229 1590 1317 1650 1604
1333 1587 1460 1668 Aupstst
1476 1593 1498 1650 7.

518 1727 612 1794 (Origo,
630 1726 667 1778 St.
680 1728 765 1791 In-A„
783 1727 1062 1794 Stnbsubsrg-Aklan,
1081 1725 1291 1793 Gogourslorm.)

413 1885 623 1949 Martinus..
643 1883 758 1949 .Siout
781 1883 860 1948 alias
885 1906 943 1970 per
965 1883 1076 1948 literas
1098 1892 1246 1969 patentes
1269 1881 1498 1961 mandavimus,

309 1992 354 2054 ita
377 2011 464 2053 nunc
487 1988 593 2053 denuo
616 1988 819 2072 mandamus,
845 1997 880 2052 ut
902 2010 1012 2052 omncs
1035 1999 1107 2054 tuos
1123 1997 1156 2053 ot
1170 1987 1418 2074 parrochiarum
1433 1998 1496 2054 tuae

310 2093 488 2159 collationis
511 2093 751 2179 parrochianos,
775 2095 844 2158 sive
859 2095 924 2158 sint
939 2093 1095 2179 praefacti
1110 2095 1179 2158 sive
1195 2092 1319 2158 nobiles
1334 2091 1390 2157 vel
1406 2095 1496 2158 cuius

310 2221 437 2284 cunque
468 2197 661 2263 conditionis
692 2197 782 2283 (solis
813 2198 1000 2284 proceribus
1031 2197 1283 2284 provincialibus
1312 2197 1494 2260 anathem

310 2302 481 2390 exceptis),
505 2305 561 2390 qui
583 2303 756 2369 haereseos
778 2303 851 2368 labe
874 2303 996 2388 infecti,
1020 2325 1145 2370 sacram
1167 2302 1400 2368 eucharistiam
1418 2306 1495 2368 iuxta

309 2417 519 2496 praeceptum
547 2407 701 2474 ecclesias
726 2430 790 2472 non
814 2418 1020 2494 acceperunt,
1051 2409 1144 2474 uobis
1167 2430 1265 2495 quam
1288 2409 1433 2494 primum
1454 2407 1494 2472 de·

309 2515 443 2579 nuncies
467 2523 500 2578 ot
522 2534 633 2578 eorum
655 2514 787 2578 nomina
811 2515 844 2578 in
860 2515 980 2598 scripto
995 2513 1087 2578 nobis
1104 2515 1172 2578 sine
1188 2534 1279 2577 mora
1295 2515 1494 2577 transmittas.

310 2618 467 2685 Volumus
487 2620 585 2684 etiam
608 2628 644 2685 ut
667 2619 834 2704 parrochis
859 2620 975 2683 vicinis
992 2617 1033 2703 (si
1048 2618 1156 2682 forsan
1171 2617 1212 2681 ad
1230 2640 1284 2683 cos
1300 2639 1365 2682 non
1383 2618 1496 2702 scripsi·

309 2722 395 2810 mus)
427 2723 600 2807 significes,
630 2733 667 2789 ut
696 2723 729 2788 id
760 2725 866 2808 ipsum
897 2743 1026 2809 quoque
1048 2721 1179 2786 faciant.
1218 2722 1342 2786 Datum
1366 2744 1411 2785 cx
1434 2742 1494 2785 aroc

309 2828 503 2893 residentiae
534 2840 663 2894 nostras
685 2828 818 2914 Seggau
848 2829 900 2894 die
931 2829 1069 2913 septima
1092 2827 1233 2912 Augusti
1263 2849 1349 2891 anno
1373 2847 1493 2892 sexcen-

309 2936 423 3000 tesimo
446 2944 571 3020 quarto.

751 3019 941 3106 M(artinus)
964 3017 1175 3106 Ep(iscopu)s
1198 3040 1298 3084 manu
1322 3019 1461 3104 propria.

860 3246 954 3312 1607.

310 3406 378 3471 Da
399 3405 567 3469 Kordinol
581 3405 820 3471 Allobronda'oi
842 3427 886 3470 on
908 3405 1012 3489 Georp
1027 3403 1177 3470 soboas.-
1200 3403 1430 3470 Glalcltwanscls
1449 3420 1494 3464 sar

312 3510 537 3593 Bewdltipanp
566 3511 623 3575 der
653 3511 800 3576 Ketaerea'
831 3510 931 3575 daron
958 3510 1138 3593 Eraheraop
1164 3507 1370 3574 Ferdinand.
1416 3506 1492 3580 Bon,

763 3620 850 3680 1604
872 3614 998 3697 Anne
1022 3621 1050 3680 7.

750 3747 844 3813 (soon,
862 3746 942 3813 Epp,
959 3764 985 3812 p.
1000 3744 1070 3815 128.)

862 3953 955 4019 1608.

311 4114 945 4197 GeoroGolleronalieVerordneleaoon
956 4109 1327 4177 Steiermorlt:l›ericltlel
1338 4111 1416 4176 sibor
1426 4111 1492 4176 sciat

311 4218 577 4302 Vcrhandlaopen
606 4220 664 4285 mit
691 4219 762 4284 dem
784 4217 996 4302 Psolaproseo
1018 4215 1152 4297 Philipp
1176 4215 1314 4298 Lttdtnp
1340 4216 1409 4280 aad
1434 4215 1493 4280 ota

311 4325 419 4389 dassen
432 4322 592 4389 thaselte.
624 4323 720 4390 Scine
734 4323 828 4389 Reise
843 4323 926 4388 nacla
942 4321 1103 4404 Noaborp.
1135 4320 1202 4386 Lob
1219 4321 1272 4386 des
1289 4319 1491 4404 Pfolsprofn.

311 4429 460 4507 Wamol,
485 4430 549 4515 dass
571 4430 637 4494 snt
652 4429 792 4496 Soelssen
812 4433 869 4512 pal
892 4428 1024 4494 erneisi.
1057 4426 1228 4510 Berotaap
1250 4425 1399 4492 daselbsl.
1430 4423 1492 4490 Per·

355 4535 489 4602 sontica
511 4535 799 4618 Aapeloponlseileo.
830 4531 923 4617 Bury
946 4530 1162 4615 Lcaqoafoldl,
1186 4534 1273 4596 1604
1296 4530 1461 4613 Auyosts.

720 4665 813 4732 (ona,
832 4664 869 4716 st.
884 4663 969 4726 na,
989 4663 1050 4714 chr.
1063 4660 1107 4730 n.)
