3100 5067
1184 378 1246 443 113

61 590 180 657 prorsus
202 567 418 653 neglexerunt
440 568 605 651 ordinarii,
632 569 817 651 excogitato
841 577 1013 653 praetextu
1036 570 1168 633 minimo
1191 572 1246 633 im-

61 674 200 763 prudenti
223 696 260 739 se
282 676 438 740 nimirum
460 675 524 739 nisi
546 675 684 739 consciis
707 682 740 737 et
762 672 917 738 consultis
946 675 1082 738 caeteris
1110 676 1248 759 proceri-

60 781 113 846 bus
133 788 198 844 tam
220 801 416 845 numerosae
439 778 606 844 bominum
628 777 828 845 multitudini
850 780 1033 863 ingressum
1060 780 1247 865 permittere

61 907 116 951 non
135 906 231 970 posse
254 906 362 971 neque
385 883 447 949 sibi
470 882 581 966 licere3
613 891 791 949 statuentes
815 882 939 949 scilicet
959 882 1054 947 Fabii
1079 882 1163 949 illius
1186 884 1246 948 Ro·

59 992 136 1056 mani
165 989 366 1075 exemplum,
397 1010 477 1072 rem,
508 1010 592 1076 quae
613 991 648 1053 in
669 1010 833 1053 summum
857 987 1031 1053 discrimen
1059 988 1246 1073 devenerat,

59 1094 234 1159 cunctando
264 1096 444 1161 restituere.
491 1092 619 1175 Quibus
649 1092 799 1159 omnibus
828 1102 938 1159 tamen
968 1093 1013 1158 nil
1035 1092 1078 1158 ad
1101 1096 1247 1159 commis-

58 1202 149 1266 sarios
178 1200 364 1285 perfectum
395 1208 454 1284 eat,
485 1200 583 1266 immo
612 1220 677 1285 quo
700 1200 805 1283 magis
828 1220 978 1285 proceres
1000 1201 1034 1265 in
1057 1220 1169 1265 omnes
1192 1221 1246 1265 eos

57 1302 159 1391 procul
181 1303 360 1371 amovendi
383 1306 566 1370 occasiones
588 1305 704 1370 intenti
727 1312 834 1387 erant3
867 1303 928 1369 hoc
954 1302 999 1368 illi
1021 1304 1246 1371 vehementius

57 1408 217 1474 instabant
237 1408 429 1495 aditumque
451 1411 485 1473 in
506 1408 622 1475 urbem
645 1408 809 1495 petebant.
838 1408 889 1473 Ac
904 1410 1056 1496 quoniam
1072 1430 1163 1473 mora
1178 1408 1246 1475 diu-

57 1523 144 1581 turna
165 1516 216 1579 eis
239 1516 351 1579 extitit
371 1513 605 1599 molestissima,
629 1537 699 1580 rem
721 1537 780 1601 per
803 1513 1010 1580 veredarium
1033 1513 1185 1579 deferunt
1203 1513 1246 1579 ad

55 1620 239 1706 principem,
262 1622 319 1707 qui
340 1621 401 1685 vix
421 1618 538 1705 elapsis
561 1629 633 1686 octo
656 1618 772 1685 diebus
794 1618 930 1684 fulmina
952 1617 1109 1684 terribilia
1130 1627 1162 1683 et
1178 1639 1246 1683 cer·

56 1724 206 1789 tissimam
236 1725 444 1807 πανολεθρίαν·
474 1725 630 1810 spirantia
659 1734 692 1790 et
722 1724 831 1810 qualia
860 1725 919 1789 vix
941 1744 1085 1811 unquam
1108 1744 1128 1787 a
1151 1723 1247 1788 domo

1 1827 2 1848 ³
56 1827 223 1893 Austiiaca
238 1827 386 1914 profecta
400 1838 486 1912 sunt,
508 1830 542 1893 in
557 1827 736 1893 ordinarios
751 1830 895 1893 vitravit.
925 1827 1017 1908 Quae
1033 1838 1103 1893 tum
1119 1826 1246 1913 pondus

1 1943 2 1946 ’
57 1930 204 2015 habuere,
234 1942 273 1998 ut
301 1954 452 2019 proceres
482 1956 545 1999 non
568 1932 664 1998 modo
687 1932 738 1998 10.
763 1932 816 1996 die
838 1932 1033 1997 Novembris
1055 1941 1124 1999 tum
1148 1930 1246 1997 eccle-

57 2038 117 2103 siae
138 2047 172 2102 et
195 2037 381 2103 scholarum
403 2040 575 2121 magistros
599 2036 694 2124 (solo
723 2039 916 2124 gymnasii
943 2046 1093 2104 rectore
1116 2038 1246 2103 Hiero-

57 2145 151 2228 nymi
190 2143 387 2229 Megisero
432 2142 657 2210 decennium
703 2145 775 2209 iam
813 2141 1034 2209 archiduoie
1072 2142 1245 2208 historio·

57 2248 196 2334 grapho
228 2247 406 2334 excepto)
439 2257 509 2314 tum
538 2247 767 2334 praesidiarios
796 2247 867 2313 illos
897 2270 940 2313 ex
969 2247 1051 2313 urbe
1081 2246 1246 2334 paulisper

1 2368 2 2420 1
57 2351 111 2417 alio
139 2374 176 2417 se
207 2354 356 2419 conferre
386 2355 553 2420 iusserint:
583 2352 642 2418 sed
670 2355 953 2418 etcommissariis
976 2354 1069 2419 etiis
1092 2354 1245 2440 quisunt

57 2479 74 2520 a
98 2458 249 2523 custodia
278 2461 422 2545 corporis
452 2456 639 2545 (guardiam
661 2465 781 2523 vocant
802 2456 863 2544 illi)
890 2458 938 2523 11.
962 2458 1016 2523 die
1038 2457 1245 2541 Novembris,

57 2564 106 2647 qui
133 2561 207 2627 dies
230 2562 371 2628 Martino
399 2565 433 2627 in
458 2562 552 2628 fastis
575 2584 668 2628 sacer
690 2570 749 2646 est,
772 2564 956 2646 ingressum
978 2564 1012 2627 in
1034 2561 1148 2629 urbem
1171 2560 1247 2627 libe·

2 2657 3 2750 ,
57 2688 121 2733 rum
149 2677 185 2733 et
206 2668 472 2733 reformationem
493 2690 559 2733 non
581 2689 675 2733 secus
698 2689 737 2731 ac
759 2666 836 2732 alibi
859 2666 1002 2733 locorum
1024 2667 1096 2733 fieri
1119 2689 1247 2732 conces-

57 2774 158 2856 serint,
190 2794 277 2858 quae
308 2775 356 2838 sic
383 2773 447 2838 fuit
474 2774 623 2839 instituta
653 2781 687 2837 et
707 2772 769 2837 hoc
792 2770 888 2838 modo
911 2772 1066 2838 absoluta.
1113 2772 1246 2837 Postero

2 2923 3 2962 ,
57 2875 170 2943 scilicet
200 2878 394 2944 duodecimo
424 2879 520 2944 huius
550 2900 676 2943 summo
707 2899 802 2943 mane
829 2880 919 2943 iussu
953 2878 1245 2943 commissariorum

57 2992 208 3047 convocat
241 2984 449 3068 magistratus
482 2984 572 3047 cives
601 2985 634 3047 in
664 2982 822 3069 templum
852 2981 1039 3047 cathedrale
1068 2981 1247 3063 audituros,

3 3115 4 3176 3
58 3086 136 3171 quod
158 3088 208 3152 eis
232 3089 294 3152 erit
322 3088 578 3174 proponendum.
624 3087 832 3154 Conveniunt
861 3108 926 3152 non
957 3088 1061 3173 pauci.
1101 3087 1247 3173 Exorans

3 3195 4 3244 ἒ
59 3192 223 3278 episcopus
254 3191 350 3257 valde
379 3192 540 3278 prolixam
570 3190 685 3258 habuit
714 3193 903 3258 orationem.
949 3190 1049 3257 Cuius
1072 3192 1246 3277 praecipue

59 3294 116 3361 duo
143 3306 241 3363 erant
267 3299 389 3383 capita:
419 3299 520 3384 priori
549 3308 685 3364 conatus
712 3307 762 3365 est
783 3296 933 3365 refellere
955 3307 1099 3362 nostram
1121 3298 1245 3381 religio

4 3467 5 3470 ,
60 3422 126 3467 nem
154 3412 192 3468 ut
222 3404 366 3489 impiam,
398 3403 595 3469 haereticam
625 3413 659 3469 et
686 3425 800 3469 recens
828 3402 1000 3468 confictam
1022 3425 1061 3467 ac
1083 3402 1246 3486 authores,

4 3553 5 3560 ι
60 3508 145 3572 aienti
174 3506 303 3575 locutus
332 3516 392 3591 est,
423 3508 466 3575 ad
494 3529 606 3575 orcum
627 3530 732 3595 usque
755 3507 996 3591 condemnavit,
1018 3507 1120 3573 altera
1143 3528 1246 3591 suam,

4 3627 5 3664 1
60 3632 135 3697 quae
156 3621 207 3677 tot
229 3611 359 3678 saccula
380 3612 549 3680 duraverit
571 3636 591 3677 a
613 3622 661 3679 tot
683 3614 843 3699 episcopis
866 3622 899 3677 et
913 3616 1076 3679 communi
1092 3611 1247 3679 ecclesiae

4 3754 5 3758 =
61 3736 213 3783 consensu
241 3727 374 3805 recepta
395 3726 429 3783 et
450 3719 605 3784 continua
627 3720 830 3784 successione
853 3716 995 3783 stabilita
1017 3716 1247 3805 miraculisque

61 3821 244 3887 confirmata
265 3826 317 3903 sit,
339 3822 441 3889 solam
464 3845 578 3889 veram
601 3822 816 3889 orthodoxam
838 3831 938 3909 atque
960 3822 1139 3889 salvificam
1163 3844 1246 3888 asse·

5 3961 6 3986 1
60 3928 127 3991 ruit
173 3925 267 4007 Quae
289 3926 342 3993 ille
372 3930 544 4016 episcopus
573 3950 692 4015 magno
721 3929 814 3994 hiatu
842 3950 913 3995 nec
943 3929 1025 3993 sine
1055 3926 1247 4012 singulari

61 4030 368 4118 suaviloquentia
397 4034 506 4101 medio
535 4036 570 4100 in
598 4034 718 4121 templo
748 4031 957 4100 audientibus
989 4034 1126 4098 caeteris
1161 4054 1245 4099 com·

5 4173 6 4178 κ
61 4136 207 4202 ubsariis
229 4140 371 4223 protulit.

155 4240 323 4308 Postremo
352 4245 437 4310 serio
467 4244 635 4330 subiungit
663 4242 924 4310 adhortationem
947 4242 989 4309 ad
1012 4241 1177 4330 populum,
1205 4264 1246 4307 ne

6 4396 7 4407 ,
62 4344 191 4431 amplius
206 4356 273 4413 tam
292 4349 391 4435 impie
413 4371 434 4414 a
455 4348 668 4415 saluberrima
690 4351 724 4414 in
745 4350 907 4435 gremium
930 4347 1064 4415 ecclesie
1086 4346 1247 4416 redeundi

60 4448 206 4518 [multata
235 4452 401 4539 refugiant
429 4461 463 4519 et
490 4453 593 4539 plura.
640 4453 714 4535 Quo
744 4453 836 4520 finito
865 4476 1011 4521 sermone
1034 4455 1139 4541 primo
1161 4455 1247 4519 serio

96 4691 113 4715 ⁶
125 4683 235 4733 rectiusr
251 4678 413 4750 πανωλεθρίαι
432 4681 477 4749 (=
490 4682 612 4744 exitium
629 4681 786 4749 perditum).

109 4774 213 4818 roam
230 4774 259 4819 ιι.
269 4776 320 4819 ιιι.
337 4774 429 4819 auur.
1074 4768 1090 4818 Β
