3100 5067
629 619 724 684 2551.

70 778 151 844 Aue
184 779 246 844 den
279 777 483 844 Protokoltee
515 778 572 842 der
604 776 801 843 esttecum
833 777 1187 863 Ststndevereammlenp
1219 801 1280 846 coe

72 882 176 969 (ferie
199 883 345 950 secunde
369 883 519 968 proxime
543 889 616 967 post
638 880 756 946 festum
780 880 946 948 beatorum
964 883 1103 950 Simonis
1125 894 1157 949 et
1172 885 1279 951 Judoe

391 984 625 1073 apostolorum)
646 990 733 1053 1629
756 984 887 1052 Olttober
909 992 961 1056 29.

259 1128 344 1196 (Prot.
363 1129 410 1180 der
427 1128 600 1181 krostiscbeu
618 1127 919 1196 Sttndererssmmlung
937 1131 988 1181 wie
1006 1129 1097 1194 oben.)

184 1287 321 1353 Ratione
351 1286 590 1351 baereticorum
621 1294 798 1352 renovetur
827 1285 982 1353 articulus
1005 1289 1082 1352 anni
1108 1287 1206 1354 1628:
1235 1310 1276 1353 ne

69 1391 233 1458 videlicet
261 1394 294 1457 in
326 1392 388 1457 hoc
417 1413 554 1476 regnum
581 1392 682 1476 recipi
705 1399 828 1478 queant
849 1401 906 1457 eut
928 1393 961 1457 in
985 1414 1022 1457 eo
1046 1391 1140 1458 sedes
1163 1392 1275 1477 figere,

69 1497 165 1563 bone
195 1498 248 1563 vel
277 1497 389 1562 domos
420 1519 527 1562 emere
551 1494 682 1562 valeant
704 1495 766 1561 sub
789 1498 960 1561 emissione
983 1519 1095 1562 eornm
1117 1495 1275 1564 bonorum

69 1626 140 1689 pro
162 1624 263 1687 regno
286 1600 575 1668 confiscandorum.
620 1599 684 1666 Pro
707 1603 798 1667 cuius
821 1600 949 1667 articuli
972 1603 1164 1667 executione
1187 1622 1276 1688 pree-

69 1707 167 1772 setns
191 1707 310 1773 iissre·
341 1705 491 1772 dominus
522 1707 693 1793 episcopus
716 1714 882 1792 tamquam
905 1713 1018 1792 pastor
1040 1705 1145 1771 fidelis
1167 1707 1277 1794 populi

70 1811 273 1898 invigilabit.
320 1811 381 1879 cui
411 1813 510 1878 etiem
539 1809 626 1876 lllmu
648 1810 754 1876 benus
777 1810 910 1878 brechio
933 1811 1070 1878 seculari
1093 1814 1120 1877 si
1144 1833 1276 1878 necesse

70 1918 182 1984 suerit
204 1916 325 1984 anxilio
348 1919 419 1982 erit.

185 2077 252 2127 Zum
270 2076 353 2127 Jabre
372 2076 452 2126 16³0:
489 2075 574 2138 ,Quod
593 2091 654 2126 cum
673 2076 805 2142 peculiari
823 2075 876 2126 Dei
894 2075 1080 2142 benignissimi
1098 2074 1229 2127 beneflcio
1249 2077 1277 2127 in

70 2166 171 2232 regnis
186 2163 227 2215 bis
240 2162 305 2215 fides
323 2163 469 2215 orthodoxa
488 2169 582 2214 sancte
600 2179 632 2214 sc
650 2163 845 2214 inviolabiliter
863 2163 1003 2230 hucusque
1021 2164 1168 2230 perstitisse
1185 2163 1277 2229 digno-

69 2258 181 2315 scatur,
198 2251 366 2303 adhibebunt
380 2252 475 2302 nuncii
488 2250 654 2318 peculiarem
672 2253 828 2302 etiamnunc
846 2266 963 2317 operam,
982 2255 1013 2302 ut
1031 2251 1125 2302 iisdem
1143 2252 1172 2301 in
1186 2251 1276 2317 regnis

69 2342 178 2408 religio
194 2340 286 2391 eadem
304 2338 436 2390 catholica
450 2339 556 2390 illibate
568 2340 598 2388 in
611 2345 747 2405 posterum
759 2354 866 2405 quoqne
879 2340 1035 2390 observetur
1047 2343 1075 2389 et
1087 2341 1277 2390 conservetur!

72 2430 180 2481 Genau
189 2430 218 2479 in
228 2427 439 2493 dieserFassung
448 2426 518 2478 auch
528 2442 561 2477 su
571 2425 804 2477 denJahren16³t
815 2427 871 2478 und
878 2427 953 2489 1637,
964 2426 1009 2477 bei
1018 2427 1078 2477 dem
1088 2426 1219 2477 letsteren
1229 2426 1279 2476 mit

72 2519 143 2569 dem
155 2516 283 2568 Zusatas:
296 2514 407 2578 ‚Aureae
419 2515 526 2565 demum
538 2516 616 2582 regni
627 2514 786 2580 Hnugariee
799 2519 826 2566 et
838 2515 932 2566 horum
946 2529 1086 2581 regnorum
1099 2512 1239 2564 libertates
1251 2518 1279 2564 et

72 2603 212 2656 articulos
234 2603 376 2670 superinde
400 2602 485 2653 editos
507 2601 664 2663 tuebuntur,
689 2601 887 2652 conservabunt
910 2607 938 2653 et
956 2602 1171 2657 manutenebunt
1189 2615 1277 2666 neque

72 2695 107 2743 in
134 2691 228 2758 aliquo
249 2708 277 2743 se
300 2691 334 2742 sb
352 2690 407 2741 illis
425 2690 543 2741 amoveri
565 2691 704 2756 patientur
721 2693 827 2756 praeter
844 2691 954 2740 unicum
974 2688 1112 2756 religionis
1131 2689 1279 2754 negotium,

71 2785 106 2832 in
128 2796 184 2846 quo
203 2780 230 2830 id
247 2780 415 2846 potissimum
434 2778 577 2841 curabunt,
594 2783 626 2828 ut
643 2777 777 2828 catholiea
795 2777 917 2829 Romans
935 2776 1030 2843 religio
1048 2777 1151 2828 sincere
1174 2791 1277 2843 promo-

73 2873 188 2929 veatur,
205 2866 345 2917 libertates
363 2870 391 2916 et
408 2866 468 2916 iura
487 2865 670 2917 ecclesiastice
687 2866 865 2915 restituantur
876 2880 908 2914 ac
921 2865 1105 2924 observentur,
1122 2864 1277 2929 praesertim

72 2972 147 3006 vero
167 2957 197 3006 in
216 2955 304 3020 regnis
321 2955 380 3005 istis
397 2952 555 3004 catholicis!
590 2952 626 3004 So
644 2952 714 3004 anob
732 2968 793 3003 snm
811 2952 895 3004 Jebre
914 2953 989 3002 1642.

632 3161 727 3228 2552.

73 3325 152 3390 Der
173 3321 569 3409 Luudperiebteverwolter
591 3341 651 3385 oon
672 3319 799 3386 Meroe
821 3320 864 3385 tet
886 3319 1014 3385 cerdic
1037 3319 1217 3402 Repieruep
1239 3338 1280 3383 ee

413 3426 616 3508 verseboffee.
655 3429 741 3494 1629
763 3423 947 3489 November.

476 3566 700 3636 (Statu-Archiv
712 3566 792 3629 Grec,
810 3562 889 3631 Rep.)

633 3775 728 3843 2553.

74 3945 148 4011 Die
178 3961 220 4007 eu
241 3937 375 4006 Mureelt
404 3935 611 4020 befindliebeu
638 3932 896 4000 uebotbolteebee
917 3932 1079 3998 Persoeen
1101 3929 1198 3996 sollers
1221 3949 1280 3995 aee

265 4044 321 4108 der
342 4041 440 4108 Stodt
459 4040 610 4123 qeeebofft
632 4040 765 4105 werden.
806 4042 892 4105 1629
915 4035 1097 4102 November.

610 4178 756 4247 (uisset.)

633 4386 728 4452 2554.

77 4557 150 4622 Die
172 4547 762 4636 Relipioeereformotioeetommisseire
784 4547 820 4610 te
843 4544 955 4610 Krete
976 4542 1072 4609 sollers
1095 4541 1164 4606 den
1185 4539 1281 4606 Heus

76 4657 264 4726 Pantaleon
286 4656 347 4720 dee
369 4660 556 4738 eutropenee
576 4651 699 4718 Gartee
720 4651 790 4716 und
812 4649 945 4716 anderes
966 4647 1174 4726 restiteieren,
1199 4643 1282 4710 ausu
