3100 5067
860 618 953 684 1445.

307 773 438 840 Richter
467 775 535 841 ond
556 775 624 840 Rae
644 796 686 840 eu
708 774 928 842 leleemorlrt
950 797 996 841 are
1017 776 1213 842 Ferdinnnd
1226 777 1297 842 ΙΙ..·
1327 777 1425 842 haben
1442 801 1494 844 eor

307 879 408 963 weoip
430 880 536 962 Tegea
561 880 638 945 siber
659 880 713 945 die
726 880 946 964 Abscbeffaep
968 881 1025 947 der
1047 881 1251 963 ,Selotiaehen‘
1272 883 1342 947 aad
1364 883 1419 948 dos
1438 883 1495 948 den

308 982 535 1048 Kotholieobeo
555 984 704 1068 gegebene
718 973 876 1069 elegeretis
891 986 1048 1067 beriobtet,
1071 988 1148 1054 aber
1161 987 1241 1053 roob
1254 988 1344 1053 beina
1359 988 1495 1054 Artem

307 1087 457 1154 erboltee.
496 1086 552 1153 Do
582 1089 634 1154 da'e
661 1089 890 1156 Katboliseben
918 1091 1035 1157 wieder
1065 1092 1101 1156 ia
1131 1092 1193 1158 dea
1216 1092 1344 1157 Irrtom
1364 1093 1494 1158 metten

305 1191 427 1277 yeleitct
449 1194 584 1276 werden,
606 1215 698 1260 wesen
721 1215 798 1260 mon
820 1194 905 1260 diere
925 1196 1175 1279 ooopeboraomea
1197 1197 1431 1279 Iaetberisohen,
1451 1198 1495 1262 bei

308 1298 409 1363 denen
430 1319 508 1363 more
528 1298 596 1364 cleb
617 1298 712 1364 reboo
733 1300 793 1365 dos
815 1299 913 1366 dmtte
933 1299 1021 1366 Jatr
1041 1301 1143 1367 Malae
1162 1302 1245 1386 pebe,
1274 1302 1336 1366 den
1366 1303 1494 1366 andeca

308 1424 381 1468 eom
403 1402 513 1486 Spotte
535 1402 647 1488 belbrit,
671 1424 705 1469 eo
728 1404 838 1470 erbitte
860 1425 936 1470 moe
952 1405 1352 1493 Verbaltaopomassrepebs.
1381 1405 1495 1473 Veste·

660 1509 775 1589 marlot,
798 1514 887 1577 1602
908 1509 1090 1593 September
1103 1516 1157 1580 20.

650 1649 745 1716 (Orig,
763 1650 1167 1719 Lamberg·Feistrita·Archiv.)

413 1789 501 1841 Schon
524 1805 567 1840 am
591 1791 633 1840 22.
656 1792 792 1843 erechoint
813 1793 861 1843 der
874 1792 1154 1861 Ausweisungsbelehl
1178 1792 1274 1861 (erig,
1296 1791 1420 1854 ebends).
1453 1791 1496 1840 hm
1538 1778 1539 1831 ζ

310 1879 334 1928 4.
349 1876 470 1928 Oktobor
487 1877 544 1927 leot
562 1876 641 1944 Zingl
659 1878 703 1928 die
721 1878 943 1945 Ungehorscmen
965 1880 1008 1931 fflr
1029 1881 1082 1931 den
1106 1882 1146 1930 10.
1165 1897 1213 1931 vor
1234 1881 1290 1931 und
1313 1879 1436 1944 vcrlnngt
1451 1879 1496 1929 Ab

311 1964 452 2031 rechnuug
469 1964 517 2015 des
535 1967 575 2015 10.
589 1964 718 2034 Plennigs
736 1963 831 2034 (Orig,
851 1966 975 2033 ahands).

862 2209 955 2274 1446.

311 2365 414 2448 Paper
437 2364 579 2432 Clemens
599 2365 699 2432 VIII.
723 2387 768 2431 on
796 2367 856 2431 den
878 2365 1019 2448 Biechof
1035 2366 1166 2432 Martie
1186 2387 1248 2432 vore
1271 2367 1410 2434 Sestos:
1437 2368 1497 2433 Are

311 2470 494 2553 erbennonp
515 2470 616 2536 seioes
638 2471 900 2536 verdienetle'ehen
915 2471 1060 2538 Wirleens
1074 2471 1269 2537 nameotliob
1283 2472 1330 2536 im
1343 2471 1500 2537 Hioblirle

377 2577 442 2658 eof
459 2576 510 2641 da’e
531 2575 650 2641 Keteer
672 2576 771 2642 dieses
794 2575 932 2642 Laudes.
971 2577 1063 2657 Rern,
1087 2581 1174 2645 1602
1196 2576 1378 2659 September
1391 2581 1444 2644 21.

542 2715 674 2784 (Glcichs.
686 2718 764 2783 Kop,
782 2717 867 2780 n-A,
885 2716 1085 2783 Spanialerchiv
1098 2715 1279 2785 Ohernhnrg.)

417 2925 423 2937 .
443 2924 449 2937 .
467 2924 475 2938 .
493 2872 713 2959 Oognovimus
734 2896 777 2938 ex
797 2872 899 2938 literis
920 2924 927 2937 .
946 2924 952 2937 .
971 2924 978 2934 .
999 2874 1192 2960 Hieronymi
1213 2874 1357 2960 episcopi
1374 2872 1498 2938 Adrion·

311 2981 355 3044 sis
385 2981 486 3044 nostri
516 3000 567 3064 ep.
591 2980 701 3044 nuncii
726 3027 732 3040 .
757 3029 764 3042 .
791 3028 798 3043 .
821 2977 1058 3042 fraternitatem
1090 2988 1180 3043 tuam
1202 2987 1236 3043 et
1257 2979 1291 3042 in
1312 2985 1390 3042 tuae
1413 2975 1499 3042 ecclc

311 3085 379 3149 siae
408 3083 641 3168 gubernatione
670 3091 703 3146 et
725 3084 757 3147 in
781 3081 887 3146 officio
910 3084 1024 3147 vicarii
1046 3084 1081 3147 in
1104 3081 1326 3168 spiritualibus
1349 3080 1499 3166 generslis

313 3187 400 3274 quod
424 3187 633 3253 administras
655 3188 689 3251 in
712 3195 850 3273 utraque
875 3186 985 3274 Scyria
1008 3208 1066 3273 pro
1089 3187 1270 3253 venerabili
1283 3187 1388 3253 fratre
1402 3197 1499 3253 nostro

314 3292 516 3357 Theoderico
549 3291 793 3378 archiepiscopo
828 3290 1077 3376 salisburgensi,
1112 3301 1144 3357 te
1178 3292 1335 3376 singulari
1370 3292 1499 3380 quodam

314 3395 420 3462 studio
443 3396 484 3460 ad
510 3396 561 3461 dei
592 3397 747 3462 honorem
778 3396 964 3481 augendum
995 3404 1028 3461 et
1057 3395 1155 3460 fidem
1184 3397 1375 3463 catholicam
1399 3419 1500 3485 prope-

314 3501 456 3585 gandam
480 3501 706 3586 exardescere,
729 3504 775 3568 ita
798 3511 835 3567 ut
856 3504 942 3568 inter
964 3511 1073 3567 cetera
1095 3501 1238 3568 salutare
1260 3502 1500 3568 confirmationis

314 3617 552 3673 sacramentum
575 3606 632 3674 diu
655 3610 687 3673 in
710 3607 789 3673 locis
812 3609 882 3673 istis
904 3609 1123 3673 intermissum
1144 3610 1335 3692 restitueris,
1360 3608 1500 3674 ecelesias

313 3722 346 3778 et
374 3712 533 3778 beneficia
565 3712 785 3779 ecclesiastica
815 3734 835 3776 a
865 3711 1065 3778 secularibus
1088 3711 1274 3779 hominibus
1297 3723 1354 3778 ant
1376 3713 1420 3778 sb
1441 3713 1499 3777 hae

312 3819 421 3882 reticis
444 3827 599 3903 usurpata
621 3818 784 3903 receperis
806 3839 846 3881 ac
868 3819 1124 3903 recuperaveris,
1156 3816 1280 3883 cultum
1304 3818 1369 3882 Dei
1391 3818 1499 3903 ubique

313 3925 493 3989 instaurare
516 3932 549 3988 et
570 3944 690 4008 augere
706 3923 839 3988 studeas
855 3943 1031 4009 omnesque
1046 3921 1247 4008 pontificales
1262 3923 1455 4005 functiones,
1473 3922 1498 3984 in

314 4027 432 4113 quibus
454 4049 573 4113 magna
596 4037 644 4093 est
667 4027 811 4094 fidelium
835 4027 1017 4093 aedificatio
1042 4077 1100 4093 ...
1124 4049 1251 4093 summe
1273 4027 1441 4094 alacritate
1460 4047 1498 4091 se

314 4132 390 4199 dulo
421 4155 575 4198 exerceas
605 4143 637 4198 ot
667 4133 755 4220 quod
786 4136 895 4218 magni
918 4136 1076 4199 momenti
1098 4134 1228 4200 omnino
1251 4143 1301 4198 est
1322 4136 1357 4198 in
1380 4156 1419 4200 eo
1442 4129 1497 4198 dili·

314 4238 502 4322 gentissime
524 4240 673 4321 verseris,
697 4247 734 4304 ut
756 4239 940 4303 sacerdotes
964 4249 997 4303 et
1019 4238 1178 4324 parochos
1203 4237 1378 4303 catholicos
1393 4249 1427 4302 et
1440 4238 1496 4323 pios

315 4353 348 4408 et
376 4342 489 4409 fideles
519 4344 683 4429 operarios
713 4342 858 4429 undique
888 4365 1067 4430 compares,
1098 4342 1223 4429 tibique
1254 4343 1416 4428 adiunges
1439 4394 1445 4408 .
1467 4391 1498 4404 ..

315 4451 393 4536 quin
418 4450 515 4514 etiam
537 4447 680 4513 vidimus
704 4447 812 4513 edicta
833 4450 1001 4534 impressa,
1033 4471 1096 4536 que
1119 4471 1224 4536 nuper
1246 4448 1435 4514 fraternitas
1453 4456 1497 4510 tus

314 4553 542 4640 promulgavit,
574 4551 693 4640 quibus
720 4563 753 4617 et
775 4552 978 4618 clandestine
1000 4555 1206 4618 matrimonia
1228 4552 1360 4619 abolere
1384 4564 1416 4619 et
1436 4548 1498 4615 cleri

316 4657 520 4744 disciplinam
550 4658 591 4722 ad
620 4659 703 4722 sacri
726 4657 911 4724 Tridentini
934 4657 1061 4723 concilii
1085 4661 1321 4744 praescriptum
1345 4660 1499 4723 restituere
