3100 5067
1186 376 1248 441 115

154 567 293 631 Decimo
324 568 436 653 quinto
459 565 654 631 Novembris
684 588 781 630 mane
812 566 930 631 milites
962 590 982 631 a
1009 568 1176 652 capitaneo
1204 590 1246 631 ex

65 670 134 739 urbe
155 679 230 736 sunt
253 670 371 736 educti.
419 670 583 738 Gratulati
611 680 686 736 sunt
709 673 797 735 cives
821 670 883 735 sibi
906 672 1047 735 invicem
1071 670 1111 736 de
1134 674 1247 737 maiori

66 778 171 842 evitata
192 774 356 860 violentia,
380 778 512 841 ominati
536 797 665 862 quoque
687 776 771 840 bene
795 775 836 841 de
859 775 970 841 futuro
991 798 1099 841 rerum
1116 786 1246 860 eventu,

65 882 240 967 praesertim
271 880 420 946 officiarii
449 880 545 968 (quos
575 879 707 965 vocant)
737 902 920 967 procerum,
952 882 1008 967 qni
1032 889 1189 965 putarunt
1211 903 1245 946 se

65 990 119 1051 ism
142 996 238 1051 extra
267 985 325 1050 teli
354 988 474 1053 iactum
505 985 548 1051 ab
571 984 731 1051 eiusmodi
753 986 869 1051 mediis
893 986 962 1051 fore
985 988 1155 1052 immunes.
1202 986 1247 1051 At

64 1089 130 1177 quid
155 1089 214 1154 fit?
259 1091 349 1157 Dum
377 1089 589 1175 egrediuntur
611 1089 729 1155 milites
753 1090 918 1156 officiariis
942 1090 1071 1156 reddita
1095 1101 1170 1157 sunt
1194 1090 1246 1156 de·

64 1206 139 1260 creta
166 1194 359 1281 principalia
388 1195 535 1261 eiusdem
564 1198 696 1279 tenoris,
728 1198 819 1260 cuius
851 1204 883 1261 et
915 1198 1077 1262 sententia
1104 1198 1247 1283 episcopi

63 1312 199 1367 oretenus
229 1301 264 1364 in
295 1299 414 1386 templo
444 1300 564 1365 nudius
594 1302 708 1365 tertius
731 1301 915 1385 significata
938 1301 999 1366 fuit
1023 1301 1159 1384 civibus,
1183 1302 1246 1366 nisi

62 1402 136 1490 quod
158 1403 245 1470 illius
267 1407 408 1491 spatium
431 1404 574 1471 abeundi
596 1404 723 1491 longius
746 1428 864 1491 nempe
888 1406 931 1470 ad
953 1406 1072 1471 festum
1087 1406 1246 1472 Johannis

62 1510 217 1594 Baptistae
240 1511 432 1595 praestitum
456 1519 514 1575 est.
546 1510 680 1576 Interim
703 1509 806 1596 (quod
830 1512 972 1576 maxime
996 1509 1246 1597 deplorandum)

4 1623 5 1664 ἲ
61 1612 205 1699 templum
236 1614 336 1679 semel
364 1613 509 1680 clausum
532 1625 645 1700 postea
666 1638 731 1680 non
754 1614 893 1701 amplius
917 1614 1078 1681 reclusum
1102 1624 1151 1681 est
1174 1614 1247 1680 reli-

4 1763 5 1806 3
61 1720 219 1805 gionisque
250 1722 443 1785 exercitium
474 1722 602 1805 penitus
632 1719 806 1786 sublatum.
853 1720 931 1785 Post
954 1720 1076 1785 abitum
1101 1723 1247 1785 commis-

61 1825 208 1889 sariorum
231 1825 370 1890 redeunt
392 1827 425 1890 in
449 1824 564 1890 urbem
588 1823 743 1890 ecclesiae
767 1835 800 1890 et
824 1825 1006 1892 scholarum
1021 1827 1170 1909 ministri,
1194 1847 1246 1911 pe·

4 1953 5 2021 i
61 1937 125 1993 tunt
144 1927 286 2014 finalem,
310 1929 512 1995 definitivam
535 1938 568 1994 et
591 1939 713 1994 certam
740 1932 943 2015 sententiam,
968 1930 1060 2018 quid
1083 1928 1246 2016 amplius

60 2034 104 2096 sit
134 2035 187 2097 eis
221 2034 413 2118 agendum
448 2045 514 2101 aut
543 2033 836 2119 expectandum.
883 2034 1057 2101 Caeterum
1090 2035 1245 2100 hactenus

61 2160 155 2223 neque
186 2138 312 2225 aliquid
342 2142 422 2206 certi
452 2161 649 2225 cognoscere
679 2161 786 2226 neque
817 2140 996 2225 legitimam
1028 2140 1246 2206 dimissionem

4 2235 5 2330 l
60 2244 224 2329 impetrare
246 2253 430 2330 potuerunt.

4 2339 5 2368 ³
153 2348 247 2414 Haec
278 2350 386 2414 omnia
413 2350 598 2435 conscripto
628 2348 743 2415 ordine
773 2350 805 2413 in
830 2348 995 2435 religionis
1018 2351 1148 2435 negotio
1171 2359 1246 2415 ante

62 2452 147 2518 finem
170 2454 248 2518 anni
270 2453 431 2520 millesimi
454 2456 682 2519 sexcentesimi
706 2463 783 2519 sunt
804 2462 905 2539 gesta.
939 2454 1026 2537 Quid
1046 2457 1246 2541 inposterum

4 2583 5 2590 ¹
60 2557 148 2621 finitis
170 2560 317 2623 terminis
340 2557 449 2644 quoad
470 2559 567 2624 huius
590 2559 829 2625 reformationis
852 2562 1077 2627 executionem
1101 2562 1143 2626 sit
1163 2560 1245 2626 futu·

60 2684 132 2745 rum,
162 2673 290 2748 tempus
320 2662 459 2728 docebit.
506 2664 699 2729 Nostrarum
731 2666 792 2729 erit
820 2668 960 2751 partium
986 2664 1095 2751 (modo
1119 2663 1245 2730 calami-

5 2799 6 2838 ;
61 2776 151 2832 uum
173 2770 471 2853 praesentissimam
495 2777 527 2833 et
549 2778 719 2834 aeteruum
742 2772 924 2835 animarum
948 2772 1085 2836 exitium
1101 2771 1245 2854 effugere

5 2863 6 2938 l
61 2870 201 2959 velimus)
225 2873 297 2938 Deo
321 2872 361 2938 Ο.
378 2874 423 2938 Μ.
448 2895 506 2960 pro
529 2876 695 2939 immensis
718 2876 785 2940 suis
808 2875 973 2941 beneficiis
997 2876 1165 2963 hucusque
1188 2897 1245 2940 sno

5 3021 6 3038 i
60 2979 142 3061 gregi
175 2976 329 3043 exhibitis
364 2981 486 3064 gratias
520 2987 658 3066 quantas
695 3002 865 3066 possumus
895 3004 993 3066 agere
1023 2983 1183 3047 maximas
1214 2990 1247 3044 et

5 3067 6 3082 ¹
61 3082 188 3147 eundem
211 3082 440 3149 ardentissime
463 3106 556 3149 orare
579 3095 677 3171 atque
700 3084 882 3167 obsecrare,
906 3095 942 3151 ut
957 3107 1053 3173 quem
1069 3085 1246 3153 admodum

62 3185 256 3272 evangelium
283 3209 325 3252 ex
349 3187 534 3254 Cimmeriis
556 3201 694 3275 papatus
718 3189 862 3254 tenebris
885 3191 918 3254 in
941 3190 1154 3257 clarissimum
1177 3215 1246 3258 cae-

5 3333 6 3338 1
62 3289 140 3357 lestis
169 3291 245 3357 solis
275 3292 481 3377 splendorem
512 3294 645 3360 reduxit
667 3303 701 3359 et
723 3294 911 3360 exulcerato
935 3296 995 3360 hoc
1017 3296 1125 3362 seculo
1148 3300 1246 3363 etiam

5 3457 6 3472 ,
61 3396 156 3461 inhis
178 3395 366 3480 regionibus
389 3396 467 3463 illud
491 3398 650 3482 accendit,
674 3421 847 3465 accensum
875 3404 1091 3486 conservavit,
1121 3424 1247 3468 conser-

5 3523 6 3574 3
62 3510 162 3566 ratum
184 3501 228 3566 ad
251 3523 309 3566 nos
332 3503 418 3568 inter
439 3512 487 3567 tot
508 3511 739 3590 tempestatum
761 3504 919 3591 procellas
942 3510 1174 3593 propugnavit:
1201 3511 1247 3574 ita

5 3611 6 3690 J
63 3605 148 3670 etiam
173 3606 306 3673 ulterius
329 3616 442 3673 contra
465 3630 577 3673 omnes
599 3610 715 3695 impias
738 3609 905 3676 hominum
929 3612 1118 3678 traditiones
1135 3622 1167 3679 et
1182 3636 1246 3679 ma·

62 3708 260 3792 ehiuafiones,
291 3720 405 3777 contra
436 3712 551 3778 mundi
581 3713 716 3798 rabiem,
747 3724 861 3780 contra
892 3716 1048 3783 sathanae
1078 3729 1186 3783 actum
1215 3728 1247 3783 et

62 3812 193 3880 furentes
223 3815 401 3882 inferorum
432 3826 543 3904 portas
567 3817 627 3885 sub
650 3818 767 3885 umbra
789 3819 914 3885 alarum
939 3843 1071 3887 suarum
1094 3844 1153 3887 nos
1176 3845 1247 3908 pro·

5 4011 6 4016 γ
62 3920 291 4004 legationem,
315 3923 415 4005 iuvet,
440 3922 596 3989 defendat
612 3933 643 3989 et
658 3933 815 4011 perpetuo
831 3934 970 3992 tueatur.
1000 3926 1105 3992 Amen
1129 3925 1244 3992 Amen.

5 4063 6 4068 η
65 4022 106 4086 12.
119 4024 312 4091 Decembris
337 4025 431 4092 1600.

6 4223 7 4254 ,
153 4184 210 4235 Fol.
222 4187 293 4236 25³⁵
310 4184 396 4236 findet
413 4186 471 4237 sich
488 4186 535 4237 das
553 4187 707 4239 Disticbon:

299 4298 413 4351 Vicinus
429 4302 458 4350 in
475 4301 549 4350 serbo
566 4301 633 4352 uelut
651 4302 762 4369 Migo
779 4307 871 4355 matris
888 4306 917 4355 in
934 4306 1005 4357 aluo.-

364 4387 416 4449 Quo·
433 4390 503 4453 erepit
520 4390 550 4439 in
570 4388 673 4442 Christo
689 4393 783 4453 siena
801 4392 871 4443 dicut
889 4392 978 4443 Amori.

6 4467 7 4530 l
156 4498 312 4551 Ammianus
338 4501 515 4553 Marcellinus
545 4502 578 4554 de
607 4504 741 4571 dignitate
771 4506 913 4559 historiae:
947 4508 1067 4560 Historia
1097 4510 1245 4562 discurrere

6 4625 7 4628 ,
64 4598 106 4647 per
125 4588 289 4652 negotiorum
314 4590 503 4642 celsitudinem
527 4596 635 4643 musta
657 4598 711 4644 est:
734 4609 789 4645 non
808 4595 952 4647 humilium
972 4599 1101 4649 minutias
1118 4599 1246 4664 indagare

6 4675 9 4894 p
65 4684 200 4723 censuum.

1056 4771 1091 4821 gs
