3100 5067
294 361 356 427 112

292 555 468 639 superioris
492 553 690 639 Oarinthiae,
718 562 831 640 postea
853 554 1123 642 Steinfeldum,
1146 556 1397 643 Traburgam,
1421 557 1493 623 Hc

291 658 444 745 spitale,
478 658 511 725 S.
536 659 668 724 Vitum
701 658 778 725 olim
810 659 907 726 huius
942 660 1079 727 ducatus
1112 661 1325 749 metropolim,
1358 662 1492 729 Velke

291 785 460 829 marcum
483 774 516 828 et
538 763 613 830 inde
636 786 695 851 per
717 764 872 850 ambages
895 775 983 831 retro
998 765 1191 832 Villacum
1214 766 1401 855 Septembri
1411 766 1493 852 (eie)

291 877 324 934 et
347 868 499 935 Octobris
522 868 688 935 mensibus
711 891 770 935 seu
791 869 883 935 Jovis
906 870 1085 957 quadrigis,
1108 881 1145 937 ut
1167 870 1220 937 ille
1235 874 1291 955 ait,
1315 874 1403 937 vecti
1418 894 1491 959 per·

291 976 457 1039 venissent
479 976 568 1039 etin
590 975 828 1040 reformationis
852 977 982 1060 negotio
1005 976 1160 1043 mandata
1182 999 1241 1043 sua
1264 978 1417 1063 opinione
1441 998 1493 1043 ce·

290 1079 389 1145 lerius
419 1079 652 1165 expediissent,
682 1088 844 1165 postremo
868 1079 994 1146 Villaco
1024 1080 1275 1147 subsistentibus
1302 1084 1337 1147 in
1370 1084 1494 1147 vicinia

291 1184 446 1250 militibus
469 1182 693 1250 Claudiforum
725 1194 800 1249 sunt
830 1187 1004 1271 progressi,
1035 1185 1100 1251 duo
1131 1187 1245 1253 horum
1276 1189 1494 1253 commissarii

290 1289 412 1375 politici
434 1288 596 1355 adiunctis
619 1291 686 1355 suis
708 1290 821 1374 paucis
845 1290 1041 1376 quibusdam
1065 1290 1249 1358 domesticis
1272 1300 1305 1357 et
1324 1291 1377 1356 26.
1395 1290 1494 1357 Octo

291 1394 358 1459 bris
381 1395 451 1459 sine
473 1396 560 1459 omni
583 1396 786 1461 recusatione
807 1396 841 1459 in
864 1395 978 1461 urbem
1003 1398 1140 1481 ingressi
1163 1397 1344 1483 Episcopus
1367 1397 1495 1483 prima-

290 1502 358 1565 rius
388 1499 590 1582 reformator,
621 1498 709 1585 quod
738 1502 830 1565 visus
853 1511 902 1565 est
925 1500 966 1565 de
988 1510 1056 1567 tam
1078 1501 1165 1568 facili
1188 1504 1321 1568 introitu
1343 1501 1496 1567 nonnihil

291 1603 441 1670 dubitare
472 1612 505 1668 et
534 1602 658 1690 aliquid
689 1606 825 1669 monstri
856 1604 897 1670 ob
924 1606 1042 1671 milites
1066 1616 1099 1671 et
1121 1607 1209 1671 cives
1232 1609 1265 1672 in
1289 1606 1370 1673 urbe
1393 1628 1496 1673 excu-

290 1708 405 1774 bantes
435 1707 621 1791 verebatur,
652 1707 755 1774 noluit
785 1712 874 1775 recta
905 1710 948 1775 ad
979 1710 1094 1776 urbem
1125 1711 1293 1796 accedere,
1317 1734 1435 1778 verum
1461 1712 1496 1776 in

289 1814 410 1900 templo
432 1812 569 1880 Soliensi
592 1835 656 1878 non
680 1814 793 1899 procul
814 1814 856 1879 ab
880 1814 962 1880 urbe
984 1814 1125 1881 distante
1141 1824 1211 1882 tum
1227 1825 1260 1882 et
1275 1815 1401 1903 aliquot
1418 1826 1497 1903 post

291 1920 360 1985 dies
390 1919 604 2005 pernoctavit.
648 1918 692 1983 Et
722 1920 800 2004 quia
830 1941 894 1983 non
925 1918 1028 1985 solum
1058 1919 1278 1987 memorabilis
1308 1923 1342 1986 in
1375 1924 1496 2008 primis

290 2031 424 2110 propter
453 2023 571 2088 multas
605 2044 731 2106 causas,
766 2026 793 2088 si
826 2022 880 2088 illa
913 2046 1067 2110 unquam,
1105 2028 1168 2091 istu
1201 2036 1264 2091 est:
1302 2026 1498 2092 reformatio

290 2128 422 2215 quando
452 2128 583 2214 quidem
613 2128 733 2194 accidit
755 2150 794 2194 eo
816 2132 973 2214 temporis
996 2138 1113 2215 tractu,
1144 2152 1209 2217 quo
1232 2131 1342 2197 Turea
1364 2133 1496 2197 iuratus

291 2234 458 2299 christiani
480 2234 618 2298 nominis
641 2242 674 2298 et
696 2235 863 2317 sanguinis
886 2234 986 2299 hostis
1003 2234 1212 2302 Oanischium
1234 2258 1363 2303 murum
1379 2238 1496 2301 verius

291 2339 450 2405 aheneum
480 2340 514 2402 in
542 2337 662 2404 finibus
686 2340 860 2423 Ungaricis
888 2361 987 2426 quam
1010 2339 1290 2426 propugnaculum
1313 2340 1496 2405 dicendum

291 2444 420 2510 funesta
451 2442 618 2509 obsidione
648 2445 755 2508 cinxit
778 2451 810 2509 et
832 2444 965 2510 tandem
990 2454 1130 2532 quatuor
1152 2444 1222 2511 dies
1244 2454 1320 2511 ante
1344 2446 1498 2511 commis·

291 2550 449 2615 sariorum
471 2550 505 2612 in
527 2547 643 2614 urbem
666 2547 891 2615 Glandiforum
915 2548 1093 2615 adventum
1117 2548 1281 2615 deditione
1304 2552 1496 2636 occupavit

291 2653 431 2737 Deinde,
447 2655 538 2740 quia
554 2652 821 2720 Claudiforum
836 2655 928 2720 mihi
943 2658 1070 2741 patria
1086 2664 1154 2733 est,
1176 2654 1234 2721 ubi
1249 2656 1406 2721 ordinarii
1422 2678 1498 2743 prc

290 2782 381 2825 ceres
396 2781 526 2845 semper
540 2769 669 2844 praesto
685 2781 756 2825 esse
772 2760 885 2844 solent,
902 2784 965 2827 non
982 2761 1059 2827 mali
1074 2761 1152 2849 quid
1170 2784 1222 2827 me
1238 2763 1404 2829 facturum
1421 2785 1498 2827 esse

290 2863 440 2949 arbitror,
463 2866 490 2930 si
513 2865 774 2930 reformationem
792 2865 1068 2933 Claudisorianam
1092 2877 1124 2932 et
1144 2888 1228 2953 quae
1242 2876 1499 2934 antecesserunt

290 2978 323 3034 et
345 2989 429 3055 quae
451 2970 599 3036 insecuta
614 2978 700 3053 suut,
723 2970 869 3035 nonnihil
889 2970 985 3036 altius
1005 2981 1163 3057 repetam.
1197 2970 1264 3037 Ubi
1279 2993 1403 3053 rumor,
1429 2994 1499 3059 qua

289 3073 443 3139 videlicet
461 3075 636 3139 severitate
651 3076 685 3138 in
700 3076 859 3160 superiori
876 3074 1043 3141 Cerinthia
1059 3076 1177 3141 milites
1191 3076 1339 3141 homines
1354 3078 1498 3143 miseros

291 3180 389 3243 etiam
403 3180 614 3245 invitissimos
630 3179 756 3244 obtorto
771 3181 866 3265 quasi
881 3178 961 3246 collo
977 3179 1021 3246 ad
1036 3180 1300 3246 reformationem
1323 3190 1498 3267 raptarent

291 3292 324 3347 et
354 3284 579 3350 iusiurandum
611 3293 700 3349 certo
730 3285 827 3349 modo
851 3285 1083 3371 praestandum
1106 3286 1286 3372 adigerent,
1314 3286 1497 3353 hincinde

291 3387 530 3473 percrebuisset
552 3398 584 3454 et
607 3390 742 3475 panicus
765 3388 900 3476 quidam
924 3399 1029 3457 terror
1051 3413 1115 3456 non
1134 3391 1267 3456 infimae
1282 3393 1379 3456 sortis
1395 3392 1498 3459 modo

291 3491 438 3557 homines
468 3492 526 3558 sed
557 3502 590 3558 et
619 3503 809 3579 magnatum
839 3496 964 3560 animos
993 3498 1187 3580 incessisset,
1220 3496 1377 3562 ordinarii
1401 3518 1497 3563 sena-

290 3606 377 3662 tores
401 3597 441 3663 de
463 3600 589 3684 patriae
612 3598 716 3665 salute
739 3609 772 3664 et
788 3598 993 3666 subditorum
1008 3600 1229 3666 incolumitate
1244 3600 1372 3667 solliciti
1387 3604 1496 3668 satius

290 3710 446 3787 putarunt
475 3702 617 3791 aliquam
648 3713 836 3789 sumptuum
868 3706 1027 3771 iacturam
1057 3706 1166 3771 facere
1196 3727 1295 3793 quam
1325 3704 1379 3772 vel
1410 3709 1497 3772 eius

291 3806 378 3871 modi
408 3806 612 3876 subditorum
642 3809 930 3895 tragicomoediam
961 3812 1107 3897 aspicere
1140 3810 1193 3876 vel
1225 3809 1394 3877 castellum
1430 3812 1498 3877 boc

291 3932 388 3996 opere
419 3921 452 3978 et
481 3924 551 3979 arte
581 3916 742 3981 munitum
774 3923 808 3979 et
836 3938 856 3979 a
887 3937 921 3980 se
950 3914 1133 3981 incredibili
1164 3918 1307 3982 omnium
1336 3915 1496 3983 ordinum

291 4015 528 4082 contributione
557 4020 746 4104 pecuniaria
778 4027 961 4086 extractum
991 4021 1031 4086 iis
1060 4019 1201 4086 tradere.
1245 4020 1362 4085 Mense
1388 4023 1497 4108 igitur

291 4118 474 4205 Septembri
497 4131 618 4207 cogunt
640 4123 777 4189 militum
800 4145 932 4190 manum
955 4123 1021 4189 400
1036 4126 1165 4190 circiter
1187 4125 1221 4189 in
1244 4146 1373 4190 omnem
1394 4148 1496 4192 even·

291 4233 370 4308 tum,
394 4247 476 4312 quos
498 4228 532 4291 in
555 4227 636 4292 urbe
657 4228 815 4293 hactenus
837 4229 1024 4295 habuerunt
1045 4230 1148 4295 veluti
1169 4229 1410 4316 praesidiarios.
1440 4232 1496 4296 Ita

291 4331 368 4395 satis
398 4330 542 4397 mascula
570 4333 662 4397 initio
693 4354 727 4397 se
757 4344 943 4418 gesserunt:
971 4337 1090 4421 quippe
1113 4336 1170 4421 qui
1192 4336 1343 4421 episcopo
1365 4333 1496 4422 aliquot

291 4433 360 4500 dies
390 4434 546 4501 haerente
572 4436 614 4501 ad
638 4436 841 4524 praedictum
864 4438 1021 4525 templum
1044 4438 1188 4506 Soliense
1211 4447 1243 4504 et
1265 4440 1494 4506 dimissionem

290 4538 428 4606 militum
462 4543 546 4606 serio
580 4544 709 4609 nomine
744 4542 928 4610 archiducis
963 4546 1145 4631 imperante
1181 4544 1358 4632 (siquidem
1392 4545 1495 4613 huius

290 4668 388 4713 causa
424 4645 527 4713 noluit
562 4649 705 4735 ingredi)
740 4652 848 4716 omnia
882 4652 951 4717 eius
985 4650 1122 4717 fulmina
1155 4659 1188 4716 et
1222 4652 1495 4719 comminationes
