3100 5067
580 770 673 836 1829.

34 951 82 1018 ote
102 952 139 1016 ia
156 948 254 1016 Grae
274 948 510 1014 nasammonas
531 948 729 1030 depatiertea
743 947 939 1013 Aossobbsse
954 947 1011 1012 der
1025 947 1096 1012 ἄνοι’
1111 947 1223 1013 Lond-

34 1057 163 1138 obofteo
195 1052 405 1133 Steiermorlo,
435 1051 588 1118 Koraos
615 1052 685 1117 aad
713 1052 827 1116 Kroo'o
849 1051 889 1116 A.
916 1050 950 1118 0.
974 1072 1018 1116 oo
1047 1052 1101 1118 dio
1122 1073 1224 1136 copa-

34 1160 142 1228 u'scbeo
165 1156 312 1224 Stenae.-
338 1157 473 1241 Klupeo
494 1157 571 1222 bber
593 1157 646 1221 die
667 1158 726 1223 seit
748 1157 872 1240 eiatqeo
895 1155 1019 1222 Jobrea
1041 1156 1225 1240 ababldssip

34 1263 194 1334 lotricbene
218 1261 577 1346 Relipioosverfolpoop.
617 1262 718 1341 Bitte,
741 1261 805 1346 doss
828 1282 915 1339 moro,
940 1261 1018 1326 oboe
1040 1262 1139 1328 dieses
1153 1262 1224 1327 Ao-

34 1371 133 1440 urbeo
155 1390 201 1433 su
226 1367 406 1447 erwbboeo,
428 1366 599 1449 quomam
621 1365 670 1431 als
692 1365 729 1431 ob
751 1386 782 1432 es
797 1387 858 1431 aas
872 1366 972 1432 aaran
986 1368 1114 1450 wareo
1128 1367 1225 1450 Bb'fer

34 1475 187 1562 oaobebeo
209 1474 331 1552 warde,
354 1474 413 1555 fiir
435 1474 480 1538 sie
502 1472 552 1537 bei
571 1471 764 1537 Fordioaod
780 1470 830 1537 Π.
854 1472 922 1538 aod
944 1471 993 1538 beo'
1015 1471 1086 1537 dem
1105 1471 1226 1538 Kaisar

231 1598 308 1643 asro.
332 1578 535 1643 aamercort.
576 1575 674 1657 Grae,
697 1581 784 1643 1609
806 1576 980 1642 November
994 1582 1024 1642 4.

35 1741 103 1804 (Kop.
114 1740 151 1789 im
170 1735 557 1797 Statth.·Archivlnnsbruck,
575 1735 743 1801 Leopoldina
755 1736 815 1796 364,
834 1737 870 1786 im
889 1733 927 1786 st.
940 1733 1024 1799 L.·A.‚
1038 1733 1099 1785 chr.
1112 1735 1143 1786 R.
1156 1751 1183 1786 u.
1196 1737 1224 1784 in

149 1823 306 1891 Sbtzinger,
322 1823 368 1875 iol.
381 1824 477 1886 5962123
496 1827 581 1874 unten
599 1823 650 1873 mit
662 1822 840 1889 Weglassung
858 1823 906 1874 der
923 1819 1098 1886 Formalien.)

128 2082 161 2096 ..
180 2083 188 2096 .
208 2031 360 2113 Quantas
377 2083 384 2095 .
402 2082 409 2095 .
427 2081 435 2096 .
451 2029 661 2111 calamitates,
689 2031 857 2116 angustias
880 2039 977 2117 atque
1000 2028 1225 2096 tribulationes

40 2146 156 2224 propter
179 2137 349 2202 salvificae
372 2136 537 2222 religionis
553 2144 683 2202 nostrae
699 2144 901 2202 constantem
917 2134 1151 2222 professionem
1166 2158 1225 2222 per

41 2242 146 2328 aliquot
177 2263 283 2307 annos
313 2243 347 2307 in
376 2241 468 2306 hisce
498 2242 674 2327 provinciis
705 2242 850 2327 perpessi
881 2241 1038 2306 fuerimus
1068 2251 1100 2306 et
1128 2243 1225 2306 etiam

43 2371 113 2413 nunc
133 2349 311 2433 patiamur,
335 2368 399 2412 non
423 2354 531 2411 estut
554 2345 662 2412 multis
684 2345 795 2412 verbis
819 2345 918 2433 (quac
941 2347 1044 2430 magis
1059 2366 1157 2432 quam
1173 2367 1225 2411 res

42 2450 217 2537 deficerent)
251 2473 487 2534 recenseamus,
519 2450 635 2537 hisque
665 2449 950 2516 lamentationibus
980 2452 1098 2516 nostris
1130 2473 1224 2517 aures

43 2557 146 2621 Ilm
170 2607 177 2621 .
204 2606 212 2621 .
239 2609 246 2622 .
272 2556 457 2639 obruamus,
486 2577 560 2620 cum
582 2555 698 2620 iisdem
721 2564 758 2621 ut
780 2564 856 2642 pote
878 2557 993 2620 vicinis
1016 2557 1135 2623 nostris
1158 2565 1224 2621 tam

44 2683 91 2748 per
109 2664 310 2748 privatorum
332 2661 455 2725 litteras
478 2680 577 2746 quam
600 2681 658 2745 per
673 2659 807 2725 exulum
824 2658 998 2725 liberaliter
1013 2669 1225 2745 exceptorum

45 2767 201 2832 relaciones
235 2788 297 2832 nec
327 2788 392 2831 non
422 2787 480 2851 per
510 2763 684 2830 multorum
707 2767 993 2851 sympatriotarum
1016 2765 1224 2849 Ungarorum

48 2871 187 2936 ocularem
210 2874 451 2958 inspeccionem
473 2873 538 2936 iam
562 2869 686 2937 dudum
710 2872 898 2953 innotuerit;
922 2869 1010 2957 quod
1033 2869 1155 2936 scilicet
1170 2869 1224 2935 ad·

48 2979 162 3041 versarii
184 2980 289 3042 nostri
318 2974 387 3063 (ubi
411 2975 531 3052 Ser¹²²¹¹¹¹²
553 2973 762 3041 archiducem
788 2974 1033 3040 Ferdinandum
1057 2973 1224 3040 dominum

52 3091 172 3146 nostrum
202 3081 490 3146 clementissimum
521 3080 652 3166 quidem
684 3100 748 3143 non
780 3078 837 3144 sed
868 3077 956 3145 Ser*is
990 3078 1021 3145 S.
1054 3077 1224 3145 nonnullos

55 3185 305 3251 exbaordinarios
338 3184 542 3271 inculpamus
577 3183 790 3270 consiliarios)
824 3185 1006 3250 animarum
1040 3191 1224 3251 nostrarum

54 3299 172 3373 putores
203 3312 359 3378 synceros
390 3311 501 3355 omnes
532 3296 564 3354 et
593 3287 758 3354 auditores
789 3287 903 3354 fideles
930 3287 1158 3375 complurimos
1182 3312 1224 3354 ex

52 3398 200 3478 provinciis
222 3397 313 3462 bisce
335 3396 488 3461 eiecerint
511 3402 609 3480 atque
632 3394 846 3480 profugerint,
871 3395 1113 3459 concionatores
1129 3415 1224 3479 porro

52 3509 155 3565 nostros
175 3511 293 3586 mutos,
316 3500 415 3566 libros
438 3499 562 3565 scilicet
584 3497 782 3565 orthodoxos
805 3506 837 3562 et
860 3497 993 3584 quidem
1016 3519 1109 3563 sacra
1124 3497 1225 3563 biblia

51 3603 107 3686 ipsa
126 3606 309 3671 cumulatim
332 3605 577 3688 combusserint,
601 3603 722 3690 templa
745 3612 777 3668 et
800 3604 965 3669 cemiteria
988 3613 1099 3668 nostra
1120 3602 1224 3669 dirus·

53 3707 111 3790 rint,
131 3711 297 3796 sepulchra
320 3720 353 3775 et
374 3710 446 3776 loca
465 3732 558 3775 sacra
573 3709 808 3796 prophanarint
823 3717 922 3795 atque
938 3707 1133 3789 inviolarint,
1158 3728 1223 3772 cor·

53 3830 117 3893 pora
135 3818 288 3883 maiorum
310 3824 493 3882 nostrorum
516 3817 551 3880 in
574 3817 682 3902 quiete
705 3835 765 3880 sua
789 3814 887 3879 etiam
910 3815 980 3879 iure
1000 3815 1145 3898 gentium
1162 3814 1224 3898 pri·

55 3914 183 4001 vilegiata
220 3921 443 4001 disturbarint,
482 3919 610 3986 mulctis
648 3921 844 4005 pecuniariis
882 3917 1003 3983 loculos
1042 3915 1224 4002 aliquorum

57 4020 240 4091 exhauserint
270 4035 302 4092 et
331 4026 408 4091 licet
437 4024 537 4091 multa
567 4023 667 4090 millia
688 4046 861 4090 aureorum
885 4033 1018 4110 propter
1040 4021 1107 4087 sola
1130 4031 1224 4087 extra

57 4128 213 4206 provincias
234 4134 269 4197 in
290 4130 392 4197 libero
415 4140 524 4195 vestro
548 4130 738 4215 Hungariae
761 4151 862 4214 regno
886 4129 1033 4215 quaesita
1059 4127 1223 4212 religionis

59 4240 164 4299 nostrae
189 4239 344 4302 exercitia
367 4246 409 4302 et.
422 4244 555 4322 propter
578 4234 721 4299 decimas
743 4236 1001 4321 totiuscuiusque
1024 4231 1224 4298 substantiae

59 4331 192 4404 indebitas
219 4364 239 4405 a
268 4339 510 4407 discedentibus
541 4338 692 4405 exulibus
720 4339 916 4422 evangelicis
939 4339 1146 4419 extorserint,
1170 4359 1223 4424 pa·

61 4435 151 4504 tientia
169 4453 272 4512 tamen
295 4446 357 4510 hac
378 4456 490 4511 nostra
512 4467 572 4531 per
593 4445 659 4511 Dei
682 4445 826 4530 graciam
849 4442 1041 4509 admiranda
1064 4465 1127 4508 non
1151 4464 1222 4507 con-

61 4544 124 4607 tenti
141 4548 308 4617 insaciabili
329 4550 457 4617 illorum
480 4552 619 4615 avaritia
634 4552 668 4614 in
684 4548 851 4615 residuum
865 4549 1023 4615 bonorum
1040 4555 1223 4613 nostrorum

64 4645 163 4717 inhiant
188 4665 218 4722 et
246 4656 378 4723 totalem
410 4655 573 4741 religionis
601 4665 633 4721 et
655 4656 796 4740 regionis
820 4663 949 4720 nostrae
971 4655 1222 4740 extirpationem
