3100 5067
1195 384 1255 450 101

67 568 219 636 nonnullis
248 571 405 658 praelatis
436 571 541 652 datae,
573 572 716 639 salubria
738 576 941 640 continentes
963 575 1118 659 remedia,
1142 576 1259 662 quibus

67 675 246 741 reformatio
279 685 412 742 maneat
438 677 580 743 stabilita
603 678 701 744 etad
724 678 894 744 ecclesiam
918 679 1061 745 reductis
1084 683 1187 746 omnis
1210 704 1259 747 oc·

67 785 143 848 ossio
172 782 218 847 ad
248 785 409 850 vomitum
438 784 620 849 redeundi·
649 786 690 850 sit
713 786 870 870 praecisa.
916 785 1021 851 Multa
1042 784 1143 851 millia
1165 785 1259 853 libro-

66 909 130 954 rum
158 887 400 954 haereticorum
423 887 552 974 publice
574 891 607 953 in
630 892 730 955 variis
753 888 832 955 locis
856 888 1039 971 combusta3
1071 912 1169 977 quam
1192 891 1259 978 plu-

66 994 140 1057 rima
169 994 356 1059 animarum
386 992 487 1058 millia
515 994 559 1059 ad
589 993 673 1059 ovile
696 994 818 1061 Christi
850 995 963 1059 divina
986 996 1092 1079 gratia
1113 995 1260 1062 reducta.

66 1096 104 1162 Et
131 1098 178 1160 sic
208 1106 279 1161 tota
308 1096 477 1163 Corinthia
507 1100 541 1163 in
571 1099 676 1184 spatio
707 1100 806 1163 trium
841 1101 1001 1164 mensium
1034 1102 1160 1186 integre
1191 1100 1260 1166 estb

65 1200 238 1266 reformata
251 1200 544 1267 innumerabilibus
559 1202 744 1269 hominibus
760 1204 801 1268 dc
818 1227 875 1270 suo
891 1204 933 1269 ad
950 1204 1119 1270 ecclesiam
1135 1205 1259 1271 reditus

66 1305 190 1371 sibimet
213 1307 292 1391 ipsis
315 1305 564 1391 gratulantibus.
595 1307 726 1373 Turbae
747 1311 943 1374 rusticorum
966 1318 999 1375 et
1014 1308 1258 1377 Villacenses

65 1420 135 1477 sunt
168 1411 303 1498 quidem
333 1412 530 1498 tumultuati,
561 1422 704 1479 attamen
736 1416 880 1500 ipsorum
912 1414 1003 1479 furor
1032 1435 1096 1479 non
1126 1416 1172 1480 ita
1203 1416 1260 1483 diu

66 1516 201 1581 durarit
248 1515 373 1583 Civitas
404 1538 532 1603 quoque
555 1517 793 1602 Klagenfurt
823 1528 935 1584 contra
966 1540 1024 1584 nos
1048 1541 1176 1605 semper
1197 1520 1260 1586 fuit

66 1623 95 1685 in
115 1622 226 1705 armis,
251 1621 393 1708 diuque⁰
415 1644 474 1687 nos
496 1622 538 1687 ab
562 1624 711 1707 ingressu
733 1623 910 1709 prohibuit,
934 1623 1038 1688 donec
1052 1623 1185 1689 tandem
1201 1646 1259 1710 per

65 1725 204 1791 terribile
235 1728 392 1813 principis
422 1728 524 1792 nostri
553 1726 743 1794 mandatum
774 1739 944 1812 commota,
976 1727 1196 1793 reformationi
1224 1751 1259 1795 se

66 1831 246 1897 subiecerit.
303 1831 418 1917 ltaque
451 1831 556 1918 pridie
590 1832 623 1898 S.
650 1833 785 1898 Martini
818 1833 975 1898 vexillum
1009 1834 1260 1921 quingentorum

66 1936 197 2003 millium
227 1959 271 2001 ex
293 1936 485 2023 Olagenfnrt
514 1939 548 2003 in
579 1939 746 2005 civitatem
769 1939 1050 2005 Volkermarlrt
1080 1948 1129 2003 cst
1155 1948 1259 2004 trans-

66 2041 171 2127 latum,
203 2042 384 2129 eodemque
415 2042 468 2107 die
498 2065 610 2108 omnes
640 2045 769 2109 sectarii
803 2043 1030 2130 praedicantes
1066 2066 1109 2107 ex
1144 2043 1258 2109 eadem

68 2149 194 2212 civitate
217 2147 445 2212 discesserunt.
478 2146 607 2229 Quibus
623 2147 773 2215 omnibus
790 2156 964 2235 postquam
980 2146 1258 2232 (llagenfurtensis

69 2254 178 2317 civitas
208 2254 253 2316 ita
282 2251 344 2317 fuit
373 2262 542 2336 evacuata,
573 2275 631 2317 nos
661 2254 694 2317 in
725 2253 808 2319 festo
839 2253 871 2320 S.
897 2252 1029 2317 Martini
1053 2274 1127 2318 cum
1150 2263 1259 2318 nostro

69 2357 200 2423 militum
230 2355 351 2423 vexillo
381 2358 521 2441 ingressi
551 2379 662 2423 sumus
693 2366 761 2423 tota
783 2360 816 2423 in
840 2360 939 2423 armis
962 2356 1090 2444 (contra
1113 2357 1260 2443 pactum)

70 2464 167 2548 posita
189 2463 332 2526 civitate.
370 2461 527 2548 Sequenti
550 2485 628 2528 vcro
651 2471 764 2549 postea
787 2462 851 2541 die,
877 2484 960 2549 quae
984 2470 1054 2527 erat
1077 2462 1260 2547 Dominica,

69 2565 241 2653 intemplo
263 2565 457 2651 parrochiali
479 2567 521 2632 ad
544 2566 700 2653 populum
723 2568 779 2653 qui
803 2576 873 2631 erat
887 2568 1180 2649 numerosissimus,
1205 2589 1260 2631 ex-

71 2668 306 2736 hortociouemd
334 2673 369 2736 in
399 2680 549 2758 quartam
578 2693 682 2759 usque
711 2671 825 2737 horam
860 2670 959 2738 habui
991 2680 1025 2736 et
1054 2671 1260 2757 postmodnm

71 2775 127 2840 bae
154 2774 267 2841 rebelli
295 2776 427 2841 civitate
456 2797 546 2841 more
568 2775 662 2841 solito
683 2778 718 2841 in
741 2774 891 2841 omnibus
913 2797 972 2861 per
994 2774 1139 2842 triduum
1162 2776 1259 2841 refor-

71 2889 152 2946 mata
173 2879 306 2945 domum
328 2881 466 2966 quisque
492 2880 709 2945 discessimus.
744 2879 1048 2944 Reformaticnis
1072 2888 1109 2943 et
1133 2878 1259 2945 (larin-

71 2985 217 3050 tbiacae
251 2994 289 3049 et
321 2983 526 3071 Styriacae
559 2994 648 3049 eota
680 2984 814 3050 forsan
847 2982 1057 3070 aliquando
1090 2983 1259 3070 publicis

70 3092 167 3176 typis
182 3090 480 3156 committantur.
505 3089 599 3153 Haec
609 3110 739 3176 quoque
752 3090 934 3154 commissio
950 3110 1107 3175 perquam
1123 3088 1260 3155 feliciter

73 3204 102 3260 et
128 3203 257 3281 praeter
285 3196 449 3260 omnium⁰
478 3196 738 3279 expectationem
769 3192 856 3281 (Deo
887 3195 929 3258 sit
958 3192 1042 3279 laus)
1073 3195 1142 3259 sine
1173 3196 1259 3259 omni

73 3302 228 3385 sanguinis
259 3299 417 3365 effusione
447 3305 590 3385 peraeta,
623 3300 669 3364 ita
699 3309 809 3363 nostro
840 3298 935 3365 Sermo
966 3297 1096 3384 placuit,
1125 3308 1161 3365 ut
1183 3297 1260 3364 inde

75 3403 237 3491 plurimum
260 3405 383 3491 ceperit
405 3402 591 3489 voluptatis.
623 3402 788 3469 Haeretici
811 3402 913 3468 multa
936 3403 977 3469 de
1000 3404 1122 3489 rapinis
1138 3411 1259 3469 nostro·

74 3532 138 3577 rum
158 3509 295 3575 militum
318 3517 351 3575 et
373 3509 415 3573 do
430 3508 615 3595 tyrannide,
638 3529 738 3593 quam
753 3530 812 3573 nos
828 3510 1040 3574 commissarii
1054 3511 1089 3573 in
1104 3507 1260 3596 populum

75 3616 331 3698 exercuissemus,
355 3621 556 3700 sparserunt,
579 3614 688 3677 omnia
707 3635 747 3677 ea
766 3634 840 3678 oum
858 3614 922 3678 sint
937 3612 1109 3678 falsissima
1125 3622 1158 3678 et
1172 3634 1259 3678 men-

76 3720 166 3803 dacia,
189 3742 249 3805 per
272 3740 343 3785 sese
363 3740 560 3783 evanescere
576 3717 708 3803 soleant,
732 3716 820 3783 nullo
836 3740 893 3804 pro
910 3720 1114 3783 innocentiae
1129 3726 1258 3783 nostrae

76 3823 279 3890 declaratione
291 3822 440 3911 apologia
455 3844 537 3910 opus
554 3826 624 3889 erit.
649 3822 743 3887 Haec
758 3844 795 3888 eo
805 3821 817 3861 ¹
829 3821 981 3888 libentius
993 3822 1035 3888 ad
1047 3822 1088 3888 V.
1102 3821 1258 3889 illustrem

76 3928 146 3993 Dm
169 3930 295 4015 scripsi,
318 3928 405 4015 quod
429 3929 622 4013 existimem,
646 3928 731 3994 hano
751 3930 968 3993 narrationem
989 3927 1103 3993 saltem
1118 3927 1259 4013 aliquam

72 4032 145 4101 illins
168 4034 324 4116 dolorem,
348 4055 445 4121 quem
468 4032 509 4099 V.
525 4032 575 4098 lll.
592 4032 637 4098 Ι)ο
660 4033 702 4098 ob
727 4032 881 4099 Oanisam
904 4032 985 4118 proh
1009 4032 1100 4099 dolor
1122 4034 1260 4119 turpiter

103 4257 115 4281 ⁸
131 4246 198 4298 Kod.
209 4246 294 4297 Lirin:
311 4242 440 4295 redeunti.

103 4336 115 4370 ὓ
130 4335 211 4386 rohlt
227 4334 294 4385 Καὶ.
309 4334 389 4384 Lino.

106 4423 266 4491 ⁶lluugius:
286 4420 407 4486 deniquae
425 4435 453 4471 so
472 4420 542 4472 euch
560 4420 628 4471 Kod.
640 4420 716 4471 Lina.

102 4512 114 4544 ⁶
130 4510 223 4563 chmel
240 4527 267 4562 u.
281 4510 350 4562 Kod.
365 4510 448 4560 Lina:
466 4510 614 4561 acumen.

105 4607 116 4632 ⁰
130 4598 197 4649 Kod.
209 4600 291 4650 Lina:
310 4613 416 4649 omnem,

109 4683 211 4736 ‘reule
228 4684 297 4736 Kod.
310 4685 386 4736 Lino.
