3100 5067
301 374 365 435 114

298 565 439 648 iniungit
468 563 595 629 civibus
626 564 694 629 loco
724 566 879 650 principis
903 564 1011 647 libros,
1037 587 1117 651 quos
1142 566 1279 652 quilibet
1302 569 1423 633 civium
1450 568 1503 631 ha-

301 667 402 752 beret,
432 671 465 733 in
495 668 671 755 hospitium
698 669 973 755 archipresbyteri
998 670 1094 736 simul
1117 670 1298 747 assidentis,
1323 681 1505 758 antequam

300 782 492 858 notesceret,
516 774 697 860 deportent,
722 774 841 840 deinde
864 796 935 840 cras
959 776 1038 840 hora
1061 784 1178 841 octava
1199 777 1261 841 hoc
1283 778 1353 863 ipso
1376 778 1410 841 in
1432 776 1505 841 loco

301 878 490 944 obedienter
519 889 737 965 compareant.
785 879 903 945 Libros
938 880 1017 945 nulli
1052 880 1120 945 fere
1155 881 1320 947 tradidere
1354 881 1506 966 exceptis

301 986 413 1069 paucis
435 986 588 1049 senatorii
611 984 743 1067 ordinis,
768 987 823 1071 qui
844 996 932 1050 metu
948 983 1097 1070 perculsi,
1121 1006 1218 1071 qnam
1235 995 1424 1051 constantes
1441 986 1505 1050 hac

300 1089 333 1152 in
356 1098 448 1173 parte
476 1087 550 1155 olim
581 1093 646 1154 sint
675 1090 787 1171 futuri,
818 1090 880 1154 hoc
909 1091 979 1174 ipso
1010 1088 1203 1155 documento
1235 1090 1419 1156 luculenter
1452 1090 1507 1155 de·

299 1202 533 1259 monstrarunt.
580 1193 764 1260 Constituto
796 1195 846 1258 13.
870 1193 1066 1259 Novembris
1096 1194 1176 1259 hora
1206 1203 1322 1261 octava
1350 1218 1450 1261 nemo
1473 1197 1506 1259 in

301 1297 432 1384 templo,
455 1298 511 1363 ubi
534 1300 705 1385 episcopus
727 1302 792 1364 iam
817 1299 1018 1383 consederat,
1042 1299 1147 1364 adfuit
1169 1302 1229 1364 nisi
1254 1302 1350 1385 pauci
1367 1300 1506 1387 quidam

303 1412 479 1483 senatores,
508 1406 565 1489 qui
586 1404 767 1469 retulerunt
791 1406 1021 1471 commissoriis
1045 1426 1079 1468 se
1103 1404 1234 1489 quidem
1259 1405 1390 1471 citando
1415 1407 1508 1469 cives

301 1508 345 1572 ad
367 1508 524 1573 indictam
546 1508 658 1574 horam
682 1510 781 1574 officii
805 1512 855 1574 sui
878 1521 987 1595 partes
1011 1509 1127 1574 iecisse
1150 1509 1207 1575 sed
1231 1511 1319 1596 qnod
1343 1532 1444 1575 nemo
1469 1512 1510 1574 ci-

301 1614 390 1677 vium
408 1635 478 1677 sese
494 1616 612 1679 stiterit
620 1614 696 1698 (sic)
713 1614 784 1678 fieri
801 1616 882 1679 eitra
898 1613 1025 1699 culpam
1043 1624 1175 1679 senatus
1190 1623 1223 1679 et
1246 1624 1334 1680 metu
1356 1614 1509 1681 multitu·

303 1718 388 1782 dinis
411 1728 487 1783 ante
509 1719 595 1784 fores
617 1719 729 1804 templi
753 1719 909 1785 excubias
933 1722 1069 1803 agentis.
1101 1720 1283 1805 Episcopus
1305 1720 1366 1784 hac
1383 1718 1510 1785 frivola

303 1821 353 1907 (nt
386 1822 594 1909 opinabatur)
628 1826 838 1889 excusatione
872 1825 1005 1890 minime
1039 1825 1214 1910 acquievit,
1253 1846 1367 1889 verum
1409 1824 1509 1909 longe

301 1930 408 1993 acrius
443 1930 559 1993 institit
592 1928 636 1992 ad
669 1932 894 2013 magistratum
930 1927 1128 2013 oppidanum
1164 1927 1271 1993 denuo
1305 1950 1508 2015 quacunque

302 2043 433 2117 possent
462 2036 597 2117 ratione,
628 2033 745 2119 vulgus
777 2056 965 2120 comparere
989 2042 1152 2118 cogerent.
1177 2033 1316 2099 Senatus
1340 2055 1422 2118 ergo
1448 2056 1508 2119 pro

301 2139 474 2202 autoritate
497 2160 561 2224 qua
583 2138 670 2203 valet
691 2137 823 2224 publiea
845 2140 1037 2224 gravissime
1060 2138 1103 2203 ad
1126 2137 1380 2224 comparendum
1404 2159 1507 2224 quan·

301 2244 422 2307 tumvis
456 2243 578 2308 frustra
611 2243 718 2308 edicit.
768 2244 947 2330 Postquam
981 2244 1081 2328 igitur
1116 2244 1287 2328 episcopus
1321 2266 1340 2307 a
1373 2242 1508 2308 civibus

302 2346 492 2431 praefractis
507 2348 584 2433 (sie)
616 2350 709 2433 quasi
735 2346 875 2413 ludibrio
903 2369 974 2412 sese
998 2346 1111 2411 haberi
1135 2356 1168 2410 et
1191 2368 1300 2411 aerem
1323 2346 1507 2412 verberare

302 2449 472 2535 intellexit,
503 2474 521 2515 e
551 2454 688 2536 vestigio
718 2452 886 2538 principali
918 2452 1114 2517 authoritate
1137 2451 1288 2517 fulminat
1311 2473 1350 2516 ac
1373 2452 1507 2517 civibus

303 2576 479 2639 eorumque
501 2556 613 2621 incolis
636 2558 841 2621 severissime
864 2555 1007 2638 mandat,
1030 2556 1082 2619 uti
1105 2577 1211 2619 omues
1233 2566 1264 2619 et
1287 2554 1418 2641 aiuquli
1447 2566 1508 2619 aut

304 2658 395 2721 iutra
418 2669 485 2722 octo
508 2661 708 2745 septimanos
735 2671 765 2724 et
788 2662 937 2724 triduum
960 2659 1149 2744 reliqiorrem
1170 2660 1396 2724 Lutlreruuom
1422 2661 1507 2726 dese·

301 2773 390 2842 rant,
419 2764 455 2827 iu
485 2766 643 2851 premium
669 2788 762 2829 uerae
790 2788 868 2830 suae
891 2766 1043 2830 ecelesiae
1066 2766 1200 2829 redeam
1222 2765 1320 2851 idque
1343 2788 1368 2829 a.
1394 2768 1508 2831 saneti

304 2870 449 2955 corporis
465 2869 592 2934 Christi
614 2872 796 2956 sumptione
819 2881 970 2935 testatum
986 2872 1125 2957 fociant
1148 2882 1217 2948 aut,
1243 2870 1352 2936 sicubi
1376 2873 1439 2936 hoc
1462 2894 1507 2934 re

304 2984 423 3061 eueeut,
455 2975 565 3062 elapso
595 2976 655 3040 illo
686 2976 820 3040 termino
851 2976 1022 3040 universas
1049 2976 1242 3039 archidueis
1266 2977 1409 3040 ditiones
1432 2998 1507 3040 cum

304 3078 446 3144 decimae
464 3082 576 3167 partia
603 3082 747 3145 omnium
771 3081 925 3144 bonorum
948 3080 1169 3168 defalcatioue
1192 3081 1413 3166 relinquentes
1438 3082 1507 3145 alio

303 3184 442 3270 miqreut
464 3196 493 3249 et
513 3197 670 3273 perpetuo
693 3186 863 3249 amuletum
886 3186 1012 3251 abeam.
1059 3186 1131 3250 Hoc
1154 3207 1228 3251 cum
1251 3189 1423 3273 proposuit
1453 3187 1507 3251 do

304 3311 394 3354 mum
417 3289 514 3355 rediit
537 3294 706 3377 episcopus
729 3313 803 3356 cum
827 3290 958 3375 collegis
982 3300 1014 3355 et
1036 3301 1266 3377 praeterquam
1289 3290 1378 3376 quod
1396 3291 1507 3355 claves

305 3393 482 3478 postulavit
515 3417 554 3459 ea
589 3396 642 3460 die
675 3399 707 3459 in
742 3394 872 3481 publico
902 3395 982 3459 nihil
1013 3398 1088 3480 egit.
1135 3394 1252 3461 Olaves
1283 3416 1361 3459 vero
1395 3394 1524 3482 templi,

304 3520 419 3563 reeens
449 3500 578 3564 fundati
608 3500 684 3565 licet
713 3523 733 3565 a
756 3510 871 3564 senatu
895 3498 1057 3585 oppidano
1080 3500 1220 3584 petierit,
1244 3501 1272 3563 is
1295 3507 1407 3564 tamen
1431 3521 1508 3585 quo

304 3606 392 3669 niam
422 3627 457 3669 se
486 3604 662 3690 periclitari
693 3615 725 3670 et
754 3607 824 3670 sive
850 3605 1018 3670 traderent
1042 3604 1129 3690 apud
1154 3625 1305 3689 proceres
1329 3614 1362 3669 et
1385 3604 1507 3689 vulgus

305 3711 524 3794 promiscuum
547 3713 616 3775 sive
639 3733 704 3776 non
724 3712 893 3776 traderent
908 3710 995 3796 apud
1011 3712 1248 3776 commissarios
1264 3712 1423 3797 principis
1439 3732 1507 3796 pes

305 3815 419 3880 simam
434 3816 589 3881 initurum
605 3818 743 3901 gratiam
759 3816 1005 3893 animadvertit;
1023 3815 1163 3903 deniqne
1179 3815 1420 3881 ordinariorum
1437 3816 1507 3902 (qui

304 3944 379 3987 cum
409 3923 638 3987 commissariis
668 3922 730 3985 hac
760 3921 801 3985 de
828 3944 864 3985 re
892 3921 1038 4007 pluribus
1066 3919 1216 4006 egerunt)
1244 3920 1320 3986 fidei
1344 3922 1508 3985 commisit

305 4035 338 4091 et
360 4026 402 4091 ad
425 4036 550 4092 certum
573 4037 701 4113 tempus
724 4028 817 4112 quasi
840 4025 998 4112 deposuit,
1023 4048 1159 4113 qnorum
1180 4028 1214 4091 in
1229 4034 1391 4111 potestate
1408 4028 1506 4091 etiam

305 4152 393 4196 nunc
416 4153 486 4196 esse
508 4130 667 4196 feruntur.

410 4236 543 4301 Postero
567 4235 631 4314 die,
654 4237 710 4321 qui
733 4235 794 4300 fuit
819 4235 868 4299 14.
885 4234 1090 4316 Novembris,
1115 4236 1285 4319 episcopus
1306 4232 1394 4298 solus
1412 4240 1508 4319 parat

305 4341 430 4408 abitum
453 4350 486 4406 et
507 4341 588 4406 hora
609 4363 695 4405 nona
715 4342 876 4405 matutina
899 4339 1045 4404 discedit.
1078 4339 1145 4403 Vix
1161 4337 1217 4404 ubi
1232 4338 1357 4405 fumum
1373 4337 1507 4404 Claudi·

304 4446 456 4512 foranum
486 4470 528 4512 cx
555 4445 657 4511 oeulis
685 4447 801 4527 amisit,
834 4466 911 4510 eece
933 4454 1008 4509 ante
1031 4446 1077 4508 eis
1102 4442 1317 4509 diversorium
1340 4444 1375 4506 in
1398 4442 1507 4507 medio

305 4552 375 4617 foro
398 4551 576 4618 adornatur
599 4561 705 4616 strues
727 4550 899 4634 lignorum,
923 4572 986 4636 quo
1010 4558 1232 4634 congeruntur
1253 4547 1328 4613 libri
1350 4546 1452 4612 oblati
1476 4554 1508 4611 et

305 4679 384 4722 mox
406 4681 426 4723 a
449 4657 618 4723 conductis
641 4653 837 4742 quibusdam
860 4654 1067 4720 incendiariis
1091 4652 1341 4718 succenduntur.
