3100 5067
1173 382 1238 448 4‘19

142 573 257 638 Poalct
271 577 289 639 Ι
305 574 361 639 der
376 573 482 638 diercis
494 573 630 662 Rudolf
638 574 683 638 ΙΙ.
697 572 854 660 erfolptao
865 572 1105 658 Koofirmotioa
1122 573 1239 638 lactet:

142 715 323 802 Postquam
338 717 448 781 nuncii
464 717 556 799 regni
571 714 613 780 ad
630 717 838 802 praeteritam
855 714 995 780 diaetam
1008 715 1238 781 Posouicnsem

47 842 85 885 ex
111 819 244 906 publico
270 819 399 885 decreto
423 822 515 906 regni
538 821 721 885 transmissi
745 820 911 886 redierunt
935 829 967 884 ct
989 819 1133 884 articulis
1159 821 1239 885 eins-

48 927 113 992 dem
139 928 235 1010 regni
258 925 449 1010 Hungariae
472 927 505 990 in
528 924 644 990 eadem
668 925 776 989 diaeta
799 927 939 990 sancitos
963 947 1021 1011 per
1043 924 1075 992 S.
1100 924 1136 991 Ο.
1160 925 1239 990 Mam

47 1031 206 1096 dominum
223 1040 370 1096 nostrum
385 1029 672 1096 clementissimum
687 1029 894 1095 confirmatos
910 1040 1159 1116 praesentarunt
1174 1053 1239 1114 eos,

48 1159 112 1201 cnm
146 1134 261 1201 debita
294 1137 479 1202 reverentia
512 1145 615 1200 status
650 1145 682 1200 et
712 1135 842 1200 ordines
873 1143 1068 1222 acceperunt
1097 1156 1239 1222 suaeque

47 1242 90 1308 S·e
110 1239 164 1305 lll‘i
194 1239 396 1307 immortales
418 1243 541 1326 gratias
565 1249 676 1326 agunt,
701 1241 788 1327 qnod
811 1263 875 1306 non
899 1239 1014 1306 saltem
1036 1263 1094 1327 pro
1117 1241 1238 1306 diutur-

48 1348 122 1412 niori
155 1369 272 1413 eorum
306 1348 531 1434 permansione
564 1348 651 1432 piam
685 1354 921 1432 paternamque
960 1367 1071 1410 curam
1109 1345 1237 1427 habeat,

46 1454 275 1520 verumetiam
298 1451 487 1537 religionem
510 1451 724 1516 orthodoxam
747 1474 767 1515 a
790 1452 1001 1516 sanctissimis
1024 1451 1091 1515 suis
1107 1450 1240 1537 praede-

49 1556 222 1622 cessoribus
246 1566 470 1623 conservatam
495 1558 527 1620 iu
547 1558 682 1643 pristino
698 1563 785 1621 statu
800 1555 983 1641 relinquere
999 1564 1127 1638 satagat
1142 1577 1239 1642 qnam

49 1671 141 1727 status
168 1671 203 1727 et
232 1664 362 1728 ordines
385 1684 444 1748 pro
467 1663 626 1727 maiorum
650 1683 783 1727 auorum
807 1662 911 1725 veteri
934 1661 986 1744 pio
1009 1660 1155 1724 instituto
1178 1662 1239 1724 sin·

50 1790 114 1832 cere
142 1777 257 1832 tenere
284 1777 317 1833 et
338 1766 490 1854 amplecti
513 1788 576 1831 non
599 1768 826 1832 intermittant.
872 1763 1016 1851 Ideoque
1040 1772 1185 1829 statuunt
1208 1771 1241 1828 et

51 1873 223 1938 decernunt
251 1874 395 1938 unanimi
425 1881 511 1955 voto,
542 1880 578 1937 ut
608 1873 754 1937 universi
778 1871 931 1935 haeretici
955 1877 988 1933 et
1010 1870 1183 1955 praecipue
1206 1871 1239 1933 in

50 1979 132 2042 bonis
153 1977 385 2044 Oaaliensibus
407 1977 599 2062 divagantes
628 1979 869 2041 concionatores
900 1997 948 2040 cx
978 1975 1111 2061 Styria
1141 1973 1241 2060 pulsi

52 2083 96 2147 vel
116 2083 209 2149 aliter
234 2081 500 2169 qualitercunque
523 2104 561 2147 eo
585 2081 796 2146 devenientes
819 2081 998 2145 eiiciantur.
1040 2080 1109 2144 Erit
1131 2087 1239 2144 autem

52 2185 141 2250 ltermi
165 2187 291 2252 domini
321 2189 464 2274 episcopi
494 2186 724 2272 Zagrabiensis
755 2196 922 2271 tamqnam
954 2183 1116 2249 diocesani
1145 2184 1240 2250 huius

52 2294 133 2377 regni
162 2294 196 2356 in
229 2292 310 2358 tales
340 2314 511 2378 perversos
541 2313 668 2358 errores
695 2313 753 2378 pro
777 2293 846 2358 eius
870 2289 1021 2377 pastorali
1045 2289 1150 2354 officio
1173 2298 1240 2354 stn-

52 2397 131 2462 dioso
153 2397 428 2465 animadvertere.

146 2557 240 2624 (Siehe
258 2558 328 2608 oben
346 2573 407 2608 aum
426 2558 450 2607 5.
463 2557 523 2606 Juli
536 2555 625 2621 1e04.)
650 2556 706 2607 Der
725 2555 890 2606 betreilande
909 2553 1041 2605 Beschluss
1060 2557 1094 2605 ist
1112 2571 1163 2604 von
1182 2553 1241 2604 dort

55 2645 163 2696 vortlich
181 2645 243 2695 hier
260 2645 477 2712 ausgenomman.

596 2843 689 2908 1169.

57 3017 260 3098 Besolrwerda
284 3019 350 3106 dass
371 3020 422 3085 dle
444 3028 554 3105 patres
577 3020 740 3083 societatis
760 3017 841 3082 Jcsu
855 3016 891 3079 tn
906 3015 997 3080 ihren
1012 3013 1241 3080 Rechtssooloeo

55 3145 110 3187 aar
122 3146 176 3189 oor
191 3127 250 3189 dor
264 3123 646 3190 oiedmdsterreiclaiaclaen
661 3123 844 3205 Repiercop
857 3119 981 3203 pelolopt
995 3121 1119 3184 oocrdco
1134 3118 1239 3185 solleo.

57 3229 213 3316 Besolluss,
245 3231 296 3295 dic
325 3229 364 3295 F.
389 3230 433 3296 D‘
454 3250 495 3293 aa
526 3229 634 3309 bittea,
664 3227 765 3293 colcha
791 3225 1023 3308 Eaernptioaea
1045 3224 1241 3308 coseolebeo

56 3335 115 3396 aad
141 3356 171 3400 aa
200 3335 283 3400 belm
312 3334 399 3400 alten
420 3334 528 3400 Stoad
554 3354 595 3398 aa
618 3332 731 3398 lossea.
777 3331 923 3396 Hirtweis
946 3331 1010 3411 oof
1026 3330 1087 3395 dea
1108 3330 1248 3412 Bisclaof

57 3458 106 3502 con
121 3439 221 3521 eure,
244 3441 301 3504 der
323 3439 390 3505 siolo
403 3460 473 3504 vom
488 3437 658 3520 Hofreclrte
673 3443 793 3519 exernpt
809 3435 938 3501 marten
953 3433 1063 3500 tcollte.
1087 3434 1240 3511 Lailtocla

324 3546 370 3608 im
392 3543 611 3626 Hofflhoidiap
633 3546 720 3607 1608
741 3539 914 3606 November
929 3544 959 3604 3.

473 3690 560 3761 (aa,
574 3694 666 3755 Kraio‚
686 3691 815 3755 V.·Pr0t.)

596 3954 690 4018 1770.

62 4128 116 4194 oo
129 4131 335 4198 Verordaetea
350 4153 410 4197 ooo
425 4131 620 4197 Stetermorlo
634 4127 762 4195 ortellea
776 4129 846 4193 dem
858 4127 988 4210 Btirper
1001 4127 1070 4192 ond
1080 4125 1242 4191 Hoadcls·

62 4254 165 4300 monite
185 4237 287 4320 Georp
310 4235 486 4314 Sclatoderl,
510 4235 640 4301 welcltcr
662 4235 718 4300 der
737 4233 885 4316 Relipioo
907 4252 1010 4316 crepon
1034 4231 1243 4315 auspescltofft

62 4338 143 4420 toird,
170 4342 221 4404 eia
242 4340 635 4424 Empfcloloapseoloreibeo
656 4341 714 4403 mit
737 4339 807 4403 dem
829 4337 1015 4418 Bemerlceo,
1045 4337 1109 4422 dall
1131 4358 1165 4400 er
1187 4336 1243 4399 der

64 4440 247 4528 Modsclast
272 4445 452 4511 wiedcrloolt
474 4446 533 4510 mit
554 4444 636 4511 Geta
658 4442 860 4526 auspeloolfea
882 4440 961 4506 tabe
982 4441 1051 4506 aad
1073 4442 1140 4507 dies
1162 4439 1243 4506 auco

204 4550 326 4634 linfort
346 4550 424 4614 oocla
446 4554 505 4615 too
526 4547 601 4614 will.
637 4547 736 4629 Grac,
760 4551 847 4612 1608
871 4545 1040 4610 December
1055 4549 1084 4610 5.

447 4689 553 4758 (sona,
570 4690 608 4740 st.
621 4689 706 4752 n-a,
724 4689 785 4739 cnr.
799 4688 843 4752 a.)
