3100 5067
311 346 375 412 524

301 532 509 607 ¹meditantur
532 549 564 606 et
586 541 822 623 machinantur,
845 542 891 606 ita
915 550 950 606 ut
972 563 1083 607 rumor
1105 543 1227 629 passim
1243 553 1422 628 spargatur
1437 563 1493 628 pou
1526 507 1527 528 l

312 645 431 710 tificiae
459 647 702 732 supersticionis
724 655 879 733 patronos
901 648 935 711 in
958 646 1195 712 Mediolanensi
1219 647 1341 712 ducatu
1363 669 1429 712 nec
1450 668 1501 710 noo
1526 669 1527 676 ¹

312 749 472 816 Tirolensi
501 752 656 816 comitatu
686 750 769 816 clam
800 751 935 818 militem
963 760 1077 818 contra
1100 774 1158 818 nos
1182 751 1390 818 conscribere
1415 748 1503 818 illum

312 876 376 940 que
399 856 581 921 exercitum
603 857 637 920 in
660 856 758 922 hasce
780 859 965 945 provincias
990 856 1155 923 deducere
1177 856 1271 922 velle.
1307 855 1400 938 Quid
1424 855 1502 922 nob's
1527 869 1529 904 ¹

312 961 492 1047 vicinisque
520 963 638 1026 nostris
661 961 755 1027 simul
785 961 861 1027 mali
891 971 990 1049 atque
1020 962 1162 1048 periculi
1184 962 1261 1027 inde
1290 961 1502 1042 metuendum,

302 1063 503 1150 'prudentiae
535 1064 634 1130 lum
658 1115 665 1130 .
691 1118 698 1131 .
723 1117 729 1131 .
755 1065 976 1152 relinquimus.
1022 1067 1067 1132 Et
1096 1067 1230 1154 quidem
1260 1089 1336 1132 cum
1367 1089 1415 1131 ex
1448 1069 1502 1152 psn'

312 1170 452 1236 hostium
483 1180 667 1236 nostrorum
697 1173 917 1238 communium
947 1173 1103 1238 instinctu
1134 1179 1167 1237 et
1196 1181 1317 1238 conatu
1348 1169 1422 1236 [11Ιί
1446 1223 1452 1234 .
1473 1223 1499 1236 ..
1527 1193 1530 1258 3

312 1277 346 1340 in
377 1274 491 1341 eodem
521 1275 706 1362 labyrintho
735 1276 779 1343 ad
808 1285 937 1363 tempus
968 1276 1101 1363 quidem
1125 1285 1190 1343 tam
1213 1277 1316 1342 breve
1338 1279 1500 1342 versutie
1528 1339 1530 1366 ,

313 1379 469 1466 singulari
490 1381 555 1447 Dei
577 1379 735 1447 beneficio
758 1391 791 1447 et
813 1381 968 1448 miraculo
991 1382 1068 1447 inde
1090 1382 1219 1449 liberati
1240 1383 1365 1449 fuerint
1389 1405 1411 1445 a
1434 1405 1501 1447 noro

313 1495 422 1551 tamen
445 1485 588 1572 periculo
604 1508 667 1551 non
684 1486 816 1574 prorsus
831 1489 864 1552 in
881 1497 1076 1575 perpetuum
1091 1487 1184 1553 liberi
1200 1496 1287 1572 sunt,
1310 1489 1502 1575 experientis
1529 1523 1531 1544 ι

314 1611 392 1675 ergo
424 1593 554 1679 propria
584 1613 649 1656 non
680 1591 804 1657 dudum
828 1592 935 1659 edocti
958 1592 1098 1680 querelis
1120 1595 1240 1659 nostris
1262 1603 1362 1680 atque
1387 1593 1501 1658 montis

313 1693 422 1778 fidem,
446 1696 529 1762 sicut
550 1705 583 1761 et
605 1698 860 1783 compassionem
884 1696 1053 1763 nobiscum
1077 1697 1244 1764 habebunt
1258 1699 1421 1763 maiorem
1435 1719 1501 1762 eom

314 1821 476 1887 muneque
498 1801 689 1889 periculum,
712 1804 745 1867 in
769 1811 916 1889 tempore
939 1801 1210 1868 animadvertent.

313 2013 517 2078 comitiorum
541 2014 633 2096 regni
656 2015 897 2099 opportunitate
920 2021 1047 2078 tantum
1071 2014 1214 2079 maximo
1238 2035 1336 2100 opere
1352 2035 1499 2098 reguum

314 2125 350 2184 ut
380 2115 582 2184 dissimulata
611 2117 673 2182 hac
696 2129 806 2184 nostra
829 2117 1072 2205 imploraoione,
1095 2120 1189 2206 quasi
1211 2141 1254 2183 ex
1277 2127 1371 2185 motu
1396 2129 1432 2183 et
1453 2117 1495 2182 nh

314 2224 445 2310 proprio
469 2221 558 2308 apud
579 2222 697 2289 Ser'mm
719 2223 800 2308 Reg.
819 2223 899 2289 Mam
920 2245 959 2288 ea
974 2224 1100 2289 ratione
1115 2245 1174 2310 pro
1190 2223 1284 2288 nobis
1299 2222 1496 2291 intercedat

316 2336 351 2394 ut
373 2327 468 2394 serr·
490 2326 573 2412 Reg.
596 2328 665 2393 Ml*
692 2338 804 2414 utpote
835 2328 950 2395 domus
981 2350 1059 2394 suae
1088 2328 1331 2394 laudatissimae
1364 2339 1501 2415 patmon

316 2441 349 2498 et
371 2435 423 2499 cui
445 2434 691 2519 posteritatique
713 2442 863 2519 speratae
887 2455 965 2499 suae
987 2434 1020 2499 in
1036 2433 1125 2499 hisce
1141 2435 1318 2520 provinciis
1335 2433 1503 2499 Ausuisds

316 2537 505 2604 hereditatis
528 2549 561 2604 et
582 2539 795 2604 successionis
818 2540 995 2626 ipsaeque
1018 2560 1057 2604 ac
1080 2537 1182 2605 serm
1198 2538 1437 2605 archiducibus
1451 2536 1503 2602 aliis

316 2652 489 2730 competat,
512 2643 672 2729 dignitate
693 2653 803 2710 autem
827 2653 925 2730 atque
945 2652 1053 2709 aetate
1068 2646 1215 2730 superior
1230 2644 1318 2730 apud
1335 2642 1505 2731 patruelem

317 2771 412 2815 sunm
441 2749 650 2815 archiducem
673 2748 920 2815 Fordinandum
948 2748 1116 2815 dominum
1139 2758 1284 2816 nostrum
1308 2748 1506 2814 clementisd-

317 2877 406 2921 mum
429 2856 623 2920 auctoritate
645 2876 705 2921 sua
726 2856 818 2938 regia
841 2876 912 2920 sese
934 2855 1129 2940 interponat,
1153 2874 1217 2940 quo
1240 2854 1334 2920 serr·
1359 2854 1394 2921 S.
1420 2855 1506 2940 psu's

316 2958 500 3025 archiduois
516 2959 633 3044 Caroli,
653 2962 762 3046 patrui
778 2958 994 3024 Maximiliani
1011 2960 1130 3046 avique
1146 2958 1351 3025 Fordinandi
1368 2959 1506 3024 divorum

316 3065 549 3151 imperatorum
579 3065 801 3152 pientissimae
831 3066 1007 3130 memoriae
1029 3085 1090 3128 neo
1112 3086 1176 3129 non
1199 3061 1398 3150 patruelium
1423 3066 1506 3149 impe

316 3170 433 3235 ratoris
463 3168 627 3256 Rudolphi
661 3191 775 3235 sacrae
805 3191 887 3235 caes.
920 3167 985 3234 Me.
1015 3181 1048 3234 et
1077 3169 1234 3235 Matthiae
1266 3169 1507 3254 Hungariaeet

318 3274 470 3340 Boemiae
500 3277 596 3359 regis,
627 3296 692 3339 non
721 3274 869 3341 affinium
897 3275 1075 3360 Hispaniae
1102 3274 1135 3339 in
1164 3272 1277 3359 Belgio
1305 3285 1337 3338 et
1366 3273 1508 3338 Polouise

316 3401 440 3465 regum,
462 3380 558 3445 simul
580 3390 612 3445 et
627 3378 808 3446 Galliarum
830 3381 916 3464 regis
939 3379 1141 3466 aliarumque
1159 3377 1242 3444 bene
1268 3379 1508 3444 constitutarum

318 3483 651 3572 rerumpublicarum
676 3483 829 3571 exemplis
853 3484 1021 3570 aequalem
1046 3483 1139 3550 nobis
1153 3483 1319 3569 religionis
1333 3482 1508 3548 libertatem

319 3591 567 3656 clementissime
598 3589 776 3656 concedere
810 3589 972 3674 dignetur.
1019 3588 1073 3655 Ad
1108 3610 1206 3676 quam
1240 3589 1509 3676 interpositionem

318 3695 404 3763 111ῃιιθ
426 3697 469 3762 D.
485 3695 526 3761 V.
550 3717 614 3761 non
638 3695 740 3760 solum
763 3703 897 3782 propter
919 3696 1049 3760 comitia
1072 3703 1104 3759 et
1119 3695 1232 3760 finium
1251 3690 1507 3760 Sclavonioorun

319 3810 477 3868 tractatus
507 3800 628 3867 habent
651 3802 853 3866 occasionem
876 3808 1090 3886 praesentem,
1122 3800 1198 3885 quia
1220 3800 1248 3863 si
1271 3797 1314 3864 ad
1338 3797 1427 3863 dicta
1449 3817 1509 3862 con·

318 3909 397 3972 finis
427 3906 681 3974 contributiones
712 3914 838 3972 nostras
869 3907 1058 3971 continuare
1088 3903 1275 3989 debeamus,
1303 3905 1401 3968 sicuti
1424 3902 1507 3969 Ser·

319 4014 400 4097 Reg.
424 4012 492 4077 Ml*
516 4033 719 4098 regnumque
741 4011 932 4096 Hungariae
955 4032 975 4074 a
998 4007 1090 4074 nobis
1114 4007 1278 4074 desiderat
1300 4015 1333 4072 et
1355 4029 1416 4072 nos
1439 4005 1508 4071 alias

319 4117 475 4202 singulari
497 4138 577 4201 erga
598 4116 661 4182 111⁸·
678 4167 685 4181 .
703 4168 710 4183 .
729 4167 735 4180 .
752 4118 800 4183 uti
823 4116 1002 4182 confratres
1024 4124 1150 4180 nostros
1170 4135 1280 4180 amore
1294 4115 1342 4178 uti
1358 4112 1508 4177 haetenus

319 4222 506 4306 liberaliter,
529 4225 575 4288 ita
597 4232 630 4289 et
653 4225 684 4287 in
701 4231 867 4310 posterum
883 4242 1012 4308 semper
1026 4221 1178 4306 propensi
1194 4241 1315 4302 sumus,
1339 4227 1428 4284 certe
1443 4229 1509 4282 aute

321 4329 430 4395 omnia
459 4330 679 4393 necessarium
709 4335 767 4410 est,
796 4336 833 4393 ut
855 4349 913 4393 nos
936 4327 1067 4412 ipsimet
1088 4329 1121 4390 in
1144 4325 1320 4411 provinciis
1343 4333 1443 4409 atque
1465 4321 1510 4386 do

321 4433 428 4501 mibus
458 4435 577 4499 nostris
607 4436 758 4500 vivamus
789 4435 896 4518 pacati
927 4441 1025 4518 atque
1055 4433 1125 4496 tuti.
1171 4427 1262 4494 Alias
1296 4429 1324 4493 si
1357 4427 1508 4492 intestinis

322 4538 461 4606 motibus
477 4559 673 4604 vereremur
694 4547 794 4625 atque
816 4536 1082 4624 periclitaremur,
1106 4534 1247 4600 charitas
1269 4532 1420 4598 ordinata
1441 4532 1509 4595 iuoi·

321 4654 414 4732 peret
435 4668 456 4709 a
476 4642 639 4709 nobismet
660 4645 738 4729 ipsis
760 4651 797 4709 ut
819 4644 968 4730 propriae
991 4642 1088 4708 saluti
1111 4638 1362 4722 consuleremus,
1385 4657 1450 4724 qus
1463 4657 1506 4700 ne
